02RETORNO01COBRANCA       00000000000005167712PLANNER INTELIGENCIA CONTABIL 237BRADESCO       3009190160000000022                                                                                                                                                                                                                                                                          011019         000001
10214161950000102000000900367033300010000000000000000000000000000000000000000033200000000000000000000000000906300919    DOC65800000000000000003320101019000000007768575603069  000000000000000000000000000000000000000000000000000000000000000000000000000000000000007768500000000000000000000000000   011019             00000000000000                                                                  000002
10214161950000102000000900367033300010000000000000000000000000000000000000000038190000000000000000000000000906300919    DOC69000000000000000003819101019000000005247075603069  000000000000000000000000000000000000000000000000000000000000000000000000000000000000005247000000000000000000000000000   011019             00000000000000                                                                  000003
9201237          000000720000000464422300000022          00000000000000000000000130155000020000001301550000000000000000000000000000000000000000000000000000000000000000000000000000000000000                                                                                                                                                                              00000000000000000000000         000004
