02RETORNO01COBRANCA       00000000000005167648PLANNER CONTABILIDADE E AUDITO237BRADESCO       0110190160000000027                                                                                                                                                                                                                                                                          021019         000001
10223506343000128000000900367033200060000000000000000000000000000000000000000446040000000000000000000000000906011019   DOC549100000000000000044604150919000000023950023706945  000000000000000000000000000000000000000000000000000000000000000000000000000000000000024669000000000071900000000000000   021019             00000000000000                                                                  000002
10223506343000128000000900367033200060000000000000000000000000000000000000000454300000000000000000000000000906011019   DOC560200000000000000045430151019000000004180000100276  000000000000000000000000000000000000000000000000000000000000000000000000000000000000004180000000000000000000000000000   021019             00000000000000                                                                  000003
10223506343000128000000900367033200060000000000000000000000000000000000000000457830000000000000000000000000906011019   DOC563700000000000000045783051019000000004686008501156  000000000000000000000000000000000000000000000000000000000000000000000000000000000000004686000000000000000000000000000   021019             00000000000000                                                                  000004
10223506343000128000000900367033200060000000000000000000000000000000000000000464450000000000000000000000000906011019   DOC570400000000000000046445101019000000002750013601206  000000000000000000000000000000000000000000000000000000000000000000000000000000000000002750000000000000000000000000000   021019             00000000000000                                                                  000005
9201237          000002000000001740640000000027          00000000000000000000000362850000040000003556600000000000000000000000000000000000000000000000000000000000000000000000000000000000000                                                                                                                                                                              00000000000000000000000         000006
