02RETORNO01COBRANCA       00000000000005167648PLANNER CONTABILIDADE E AUDITO237BRADESCO       0210190160000000028                                                                                                                                                                                                                                                                          031019         000001
10223506343000128000000900367033200060000000000000000000000000000000000000000458130000000000000000000000000906021019   DOC564000000000000000045813051019000000002873875603034  000000000000000000000000000000000000000000000000000000000000000000000000000000000000002873800000000000000000000000000   031019             00000000000000                                                                  000002
10223506343000128000000900367033200060000000000000000000000000000000000000000466070000000000000000000000000906021019   DOC572000000000000000046607051019000000003000008501104  000000000000000000000000000000000000000000000000000000000000000000000000000000000000003000000000000000000000000000000   031019             00000000000000                                                                  000003
10223506343000128000000900367033200060000000000000000000000000000000000000000447280000000000000000000000000914021019   DOC550300000000000000044728031019000000033000023709999  000000000000000000000000000000000000000000000000000000000000000000000000000000000000000000000000000000000000000000000                          0000000000                                                                  000004
10223506343000128000000900367033200060000000000000000000000000000000000000000447280000000000000000000000000933021019   DOC550300000000000000044728031019000000033000023709999  000000000000000000000000000000000000000000000000000000000000000000000000000000000000000000000000000000000000000000000                          0000000000                                                                  000005
9201237          000001980000001734766200000028          00000000000000000000000058738000020000000587380000000000000000000000000000000000000010000003300000000000000000000000000000000000000                                                                                                                                                                              00000000000000000000000         000006
