02RETORNO01COBRANCA       00000000000005167648PLANNER CONTABILIDADE E AUDITO237BRADESCO       0309190160000000008                                                                                                                                                                                                                                                                          040919         000001
10223506343000128000000900367033200060000000000000000000000000000000000000000437990000000000000000000000000906030919   DOC541000000000000000043799050919000000015374900100276  000000000000000000000000000000000000000000000000000000000000000000000000000000000000015374900000000000000000000000000   040919             00000000000000                                                                  000002
10223506343000128000000900367033200060000000000000000000000000000000000000000439260000000000000000000000000906030919   DOC542300000000000000043926050919000000005500010400423  000000000000000000000000000000000000000000000000000000000000000000000000000000000000005500000000000000000000000000000   040919             00000000000000                                                                  000003
10223506343000128000000900367033200060000000000000000000000000000000000000000440350000000000000000000000000906030919   DOC543400000000000000044035050919000000002873808500115  000000000000000000000000000000000000000000000000000000000000000000000000000000000000002873800000000000000000000000000   040919             00000000000000                                                                  000004
10223506343000128000000900367033200060000000000000000000000000000000000000000445150000000000000000000000000906030919   DOC548200000000000000044515050919000000002750000100276  000000000000000000000000000000000000000000000000000000000000000000000000000000000000002750000000000000000000000000000   040919             00000000000000                                                                  000005
10223506343000128000000900367033200060000000000000000000000000000000000000000450820000000000000000000000000906030919   DOC554000000000000000045082050919000000002500010400423  000000000000000000000000000000000000000000000000000000000000000000000000000000000000002500000000000000000000000000000   040919             00000000000000                                                                  000006
9201237          000001540000001513131600000008          00000000000000000000000289987000050000002899870000000000000000000000000000000000000000000000000000000000000000000000000000000000000                                                                                                                                                                              00000000000000000000000         000007
