02RETORNO01COBRANCA       00000000000005167648PLANNER CONTABILIDADE E AUDITO237BRADESCO       0310190160000000029                                                                                                                                                                                                                                                                          041019         000001
10223506343000128000000900367033200060000000000000000000000000000000000000000447280000000000000000000000000906031019   DOC550300000000000000044728031019000000033000075603034  000000000000000000000000000000000000000000000000000000000000000000000000000000000000033000000000000000000000000000000   041019             00000000000000                                                                  000002
10223506343000128000000900367033200060000000000000000000000000000000000000000452600000000000000000000000000906031019   DOC558500000000000000045260051019000000005315823700367  000000000000000000000000000000000000000000000000000000000000000000000000000000000000005315800000000000000000000000000   041019             00000000000000                                                                  000003
10223506343000128000000900367033200060000000000000000000000000000000000000000453760000000000000000000000000906031019   DOC559600000000000000045376051019000000005775008501069  000000000000000000000000000000000000000000000000000000000000000000000000000000000000005775000000000000000000000000000   041019             00000000000000                                                                  000004
10223506343000128000000900367033200060000000000000000000000000000000000000000459450000000000000000000000000906031019   DOC565400000000000000045945051019000000002000010400423  000000000000000000000000000000000000000000000000000000000000000000000000000000000000002000000000000000000000000000000   041019             00000000000000                                                                  000005
10223506343000128000000900367033200060000000000000000000000000000000000000000467980000000000000000000000000906031019   DOC573900000000000000046798051019000000002500010400423  000000000000000000000000000000000000000000000000000000000000000000000000000000000000002500000000000000000000000000000   041019             00000000000000                                                                  000006
9201237          000001930000001686175400000029          00000000000000000000000485908000050000004859080000000000000000000000000000000000000000000000000000000000000000000000000000000000000                                                                                                                                                                              00000000000000000000000         000007
