02RETORNO01COBRANCA       00000000000005167648PLANNER CONTABILIDADE E AUDITO237BRADESCO       0409190160000000009                                                                                                                                                                                                                                                                          050919         000001
10223506343000128000000900367033200060000000000000000000000000000000000000000437210000000000000000000000000906040919   DOC540300000000000000043721050919000000005775008501034  000000000000000000000000000000000000000000000000000000000000000000000000000000000000005775000000000000000000000000000   050919             00000000000000                                                                  000002
10223506343000128000000900367033200060000000000000000000000000000000000000000437800000000000000000000000000906040919   DOC540900000000000000043780150919000000004180000100276  000000000000000000000000000000000000000000000000000000000000000000000000000000000000004180000000000000000000000000000   050919             00000000000000                                                                  000003
10223506343000128000000900367033200060000000000000000000000000000000000000000443020000000000000000000000000906040919   DOC546100000000000000044302050919000000002000010400423  000000000000000000000000000000000000000000000000000000000000000000000000000000000000002000000000000000000000000000000   050919             00000000000000                                                                  000004
10223506343000128000000900367033200060000000000000000000000000000000000000000443610000000000000000000000000906040919   DOC546700000000000000044361050919000000011864523707238  000000000000000000000000000000000000000000000000000000000000000000000000000000000000011864500000000000000000000000000   050919             00000000000000                                                                  000005
10223506343000128000000900367033200060000000000000000000000000000000000000000444500000000000000000000000000906040919   DOC547600000000000000044450050919000000005775008500101  000000000000000000000000000000000000000000000000000000000000000000000000000000000000005775000000000000000000000000000   050919             00000000000000                                                                  000006
10223506343000128000000900367033200060000000000000000000000000000000000000000446120000000000000000000000000906040919   DOC549200000000000000044612050919000000006800010400423  000000000000000000000000000000000000000000000000000000000000000000000000046000000000002200000000000000000000000000000   050919             00000000000000                                                                  000007
10223506343000128000000900367033200060000000000000000000000000000000000000000446630000000000000000000000000906040919   DOC549700000000000000044663050919000000001100075603249  000000000000000000000000000000000000000000000000000000000000000000000000000000000000001100000000000000000000000000000   050919             00000000000000                                                                  000008
10223506343000128000000900367033200060000000000000000000000000000000000000000448090000000000000000000000000906040919   DOC551100000000000000044809050919000000003000023700367  000000000000000000000000000000000000000000000000000000000000000000000000000000000000003000000000000000000000000000000   050919             00000000000000                                                                  000009
10223506343000128000000900367033200060000000000000000000000000000000000000000448760000000000000000000000000906040919   DOC551800000000000000044876050919000000010494075603034  000000000000000000000000000000000000000000000000000000000000000000000000000000000000010494000000000000000000000000000   050919             00000000000000                                                                  000010
10223506343000128000000900367033200060000000000000000000000000000000000000000446120000000000000000000000000912040919   DOC549200000000000000044612050919000000006800023709999  000000000000000000000000000000000000000000000000000000000000460000000000000000000000000000000000000000000000000000000                          0000000000                                                                  000011
9201237          000001450000001462143100000009          00000000000000000000000463885000090000005098850000000000000000000000000000000000000000000000000000000100000006800000000000000000000                                                                                                                                                                              00000000000000000000000         000012
