02RETORNO01COBRANCA       00000000000005167731PLANNER SERVICOS DE ADMINISTRA237BRADESCO       0410190160000000013                                                                                                                                                                                                                                                                          071019         000001
10224225624000175000000900367033400070000000000000000000000000000000000000000023080000000000000000000000000906041019    DOC32900000000000000002308150919000000028800008501050  000000000000000000000000000000000000000000000000000000000000000000000000000000000000029661000000000086100000000000000   071019             00000000000000                                                                  000002
9201237          000000110000000210030000000013          00000000000000000000000296610000010000002880000000000000000000000000000000000000000000000000000000000000000000000000000000000000000                                                                                                                                                                              00000000000000000000000         000003
