02RETORNO01COBRANCA       00000000000005167648PLANNER CONTABILIDADE E AUDITO237BRADESCO       0411190160000000049                                                                                                                                                                                                                                                                          051119         000001
1022350634300012800000090036703320006                         000000009308000000330000000000000000000000000902041119112019    00000000930800000033051119000000002000023704143  000000000000000000000000000000000000000000000000000000000000000000000000000000000000000000000000000000000000000000000                          0000000000                                                                  000002
10223506343000128000000900367033200060000000000000000000000000000000000000000454060000000000000000000000000906041119   DOC559900000000000000045406041119000000010943575603034  000000000000000000000000000000000000000000000000000000000000000000000000000000000000010943500000000000000000000000000   051119             00000000000000                                                                  000003
10223506343000128000000900367033200060000000000000000000000000000000000000000469680000000000000000000000000906041119   DOC577500000000000000046968051119000000005315823700367  000000000000000000000000000000000000000000000000000000000000000000000000000000000000005315800000000000000000000000000   051119             00000000000000                                                                  000004
10223506343000128000000900367033200060000000000000000000000000000000000000000470500000000000000000000000000906041119   DOC578400000000000000047050051119000000005065223700367  000000000000000000000000000000000000000000000000000000000000000000000000000000000000005065200000000000000000000000000   051119             00000000000000                                                                  000005
10223506343000128000000900367033200060000000000000000000000000000000000000000470690000000000000000000000000906041119   DOC578500000000000000047069101119000000003669210400423  000000000000000000000000000000000000000000000000000000000000000000000000000000000000003669200000000000000000000000000   051119             00000000000000                                                                  000006
10223506343000128000000900367033200060000000000000000000000000000000000000000470850000000000000000000000000906041119   DOC578700000000000000047085051119000000005775075603069  000000000000000000000000000000000000000000000000000000000000000000000000000000000000005775000000000000000000000000000   051119             00000000000000                                                                  000007
102235063430001280000009003670332000600000000000000000000000000000000000000004714P0000000000000000000000000906041119   DOC57930000000000000004714P051119000000015374900100276  000000000000000000000000000000000000000000000000000000000000000000000000000000000000015374900000000000000000000000000   051119             00000000000000                                                                  000008
10223506343000128000000900367033200060000000000000000000000000000000000000000471900000000000000000000000000906041119   DOC579800000000000000047190051119000000008156375601771  000000000000000000000000000000000000000000000000000000000000000000000000000000000000008156300000000000000000000000000   051119             00000000000000                                                                  000009
10223506343000128000000900367033200060000000000000000000000000000000000000000472710000000000000000000000000906041119   DOC580600000000000000047271051119000000005500010400423  000000000000000000000000000000000000000000000000000000000000000000000000000000000000005500000000000000000000000000000   051119             00000000000000                                                                  000010
10223506343000128000000900367033200060000000000000000000000000000000000000000473600000000000000000000000000906041119   DOC581500000000000000047360051119000000002873808501104  000000000000000000000000000000000000000000000000000000000000000000000000000000000000002873800000000000000000000000000   051119             00000000000000                                                                  000011
10223506343000128000000900367033200060000000000000000000000000000000000000000474680000000000000000000000000906041119   DOC582500000000000000047468051119000000010609908501156  000000000000000000000000000000000000000000000000000000000000000000000000000000000000010609900000000000000000000000000   051119             00000000000000                                                                  000012
10223506343000128000000900367033200060000000000000000000000000000000000000000474840000000000000000000000000906041119   DOC582700000000000000047484051119000000002873875603034  000000000000000000000000000000000000000000000000000000000000000000000000000000000000002873800000000000000000000000000   051119             00000000000000                                                                  000013
10223506343000128000000900367033200060000000000000000000000000000000000000000475060000000000000000000000000906041119   DOC582900000000000000047506101119000000005385403301257  000000000000000000000000000000000000000000000000000000000000000000000000000000000000005385400000000000000000000000000   051119             00000000000000                                                                  000014
10223506343000128000000900367033200060000000000000000000000000000000000000000476620000000000000000000000000906041119   DOC584500000000000000047662051119000000007700075607343  000000000000000000000000000000000000000000000000000000000000000000000000000000000000007700000000000000000000000000000   051119             00000000000000                                                                  000015
10223506343000128000000900367033200060000000000000000000000000000000000000000476970000000000000000000000000906041119   DOC584800000000000000047697051119000000007700075607343  000000000000000000000000000000000000000000000000000000000000000000000000000000000000007700000000000000000000000000000   051119             00000000000000                                                                  000016
10223506343000128000000900367033200060000000000000000000000000000000000000000478240000000000000000000000000906041119   DOC586100000000000000047824051119000000002750000100276  000000000000000000000000000000000000000000000000000000000000000000000000000000000000002750000000000000000000000000000   051119             00000000000000                                                                  000017
10223506343000128000000900367033200060000000000000000000000000000000000000000478830000000000000000000000000906041119   DOC586700000000000000047883051119000000004180008501069  000000000000000000000000000000000000000000000000000000000000000000000000000000000000004180000000000000000000000000000   051119             00000000000000                                                                  000018
10223506343000128000000900367033200060000000000000000000000000000000000000000482270000000000000000000000000906041119   DOC590100000000000000048227051119000000003500010400423  000000000000000000000000000000000000000000000000000000000000000000000000000000000000003500000000000000000000000000000   051119             00000000000000                                                                  000019
10223506343000128000000900367033200060000000000000000000000000000000000000000482350000000000000000000000000906041119   DOC590200000000000000048235051119000000003000008501104  000000000000000000000000000000000000000000000000000000000000000000000000000000000000003000000000000000000000000000000   051119             00000000000000                                                                  000020
10223506343000128000000900367033200060000000000000000000000000000000000000000484560000000000000000000000000906041119   DOC592400000000000000048456051119000000010610008501156  000000000000000000000000000000000000000000000000000000000000000000000000000000000000010610000000000000000000000000000   051119             00000000000000                                                                  000021
1022350634300012800000090036703320006                         000000009304000001660000000000000000000000000906041119112019    00000000930400000166051119000000001900008501156  000000000000000000000000000000000000000000000000000000000000000000000000000000000000001900000000000000000000000000000   051119             00000000000000                                                                  000022
1022350634300012800000090036703320006                         000000009305000000310000000000000000000000000906041119112019    00000000930500000031051119000000001200075603034  000000000000000000000000000000000000000000000000000000000000000000000000000000000000001200000000000000000000000000000   051119             00000000000000                                                                  000023
1022350634300012800000090036703320006                         000000009305000000580000000000000000000000000906041119112019    00000000930500000058051119000000005315800105406  000000000000000000000000000000000000000000000000000000000000000000000000000000000000005315800000000000000000000000000   051119             00000000000000                                                                  000024
1022350634300012800000090036703320006                         000000009308000000330000000000000000000000000906041119112019    00000000930800000033051119000000002000000105406  000000000000000000000000000000000000000000000000000000000000000000000000000000000000002000000000000000000000000000000   051119             00000000000000                                                                  000025
102235063430001280000009003670332000600000000000000000000000000000000000000004762P0000000000000000000000000910041119   DOC58410000000000000004762P051119000000002200023700000  000000000000000000000000000000000000000000000000000000000000000000000000000000000000000000000000000000000000000000000                          0000000000                                                                  000026
10223506343000128000000900367033200060000000000000000000000000000000000000000454060000000000000000000000000914041119   DOC559900000000000000045406041119000000010943523709999  000000000000000000000000000000000000000000000000000000000000000000000000000000000000000000000000000000000000000000000                          0000000000                                                                  000027
10223506343000128000000900367033200060000000000000000000000000000000000000000454060000000000000000000000000933041119   DOC559900000000000000045406041119000000010943523709999  000000000000000000000000000000000000000000000000000000000000000000000000000000000000000000000000000000000000000000000                          0000000000                                                                  000028
9201237          000002170000002026296200000049          00001000000020000000001313986000230000013139860000100000002200000000000000000000000010000001094350000000000000000000000000000000000                                                                                                                                                                              00000000000000000000000         000029
