02RETORNO01COBRANCA       00000000000005167712PLANNER INTELIGENCIA CONTABIL 237BRADESCO       0511190160000000044                                                                                                                                                                                                                                                                          061119         000001
10214161950000102000000900367033300010000000000000000000000000000000000000000040090000000000000000000000000906051119    DOC72500000000000000004009101119000000000560008501034  000000000000000000000000000000000000000000000000000000000000000000000000000000000000000560000000000000000000000000000   061119             00000000000000                                                                  000002
10214161950000102000000900367033300010000000000000000000000000000000000000000041300000000000000000000000000906051119    DOC73800000000000000004130051119000000004180008501057  000000000000000000000000000000000000000000000000000000000000000000000000000000000000004180000000000000000000000000000   061119             00000000000000                                                                  000003
10214161950000102000000900367033300010000000000000000000000000000000000000000041570000000000000000000000000906051119    DOC74000000000000000004157051119000000009900034106570  000000000000000000000000000000000000000000000000000000000000000000000000000000000000009900000000000000000000000000000   061119             00000000000000                                                                  000004
10214161950000102000000900367033300010000000000000000000000000000000000000000041810000000000000000000000000906051119    DOC74300000000000000004181051119000000002200034106570  000000000000000000000000000000000000000000000000000000000000000000000000000000000000002200000000000000000000000000000   061119             00000000000000                                                                  000005
10214161950000102000000900367033300010000000000000000000000000000000000000000042110000000000000000000000000906051119    DOC74600000000000000004211051119000000000800023700333  000000000000000000000000000000000000000000000000000000000000000000000000000000000000000800000000000000000000000000000   061119             00000000000000                                                                  000006
10214161950000102000000900367033300010000000000000000000000000000000000000000042970000000000000000000000000906051119    DOC75400000000000000004297051119000000015000000100928  000000000000000000000000000000000000000000000000000000000000000000000000000000000000015000000000000000000000000000000   061119             00000000000000                                                                  000007
10214161950000102000000900367033300010000000000000000000000000000000000000000043000000000000000000000000000906051119    DOC75500000000000000004300051119000000004000008501057  000000000000000000000000000000000000000000000000000000000000000000000000000000000000004000000000000000000000000000000   061119             00000000000000                                                                  000008
1021416195000010200000090036703330001                         000000009305000001040000000000000000000000000906051119112019    00000000930500000104051119000000011000008501114  000000000000000000000000000000000000000000000000000000000000000000000000000000000000011000000000000000000000000000000   061119             00000000000000                                                                  000009
1021416195000010200000090036703330001                         000000009308000000250000000000000000000000000906051119112019    00000000930800000025051119000000002000008501034  000000000000000000000000000000000000000000000000000000000000000000000000000000000000002000000000000000000000000000000   061119             00000000000000                                                                  000010
1021416195000010200000090036703330001                         000000000000000040680000000000000000000000000917041119          00000000000000004068000000000000003850034106570  000000000000000000000000000000000000000000000000000000000000000000000000000000000000003850000000000000000000000000000   061119                 0000000000                                                                  000011
9201237          000000670000000452713500000044          00000000000000000000000496400000090000004964000000000000000000000000000000000000000000000000000000000000000000000000000000000000000                                                                                                                                                                              00000000000000000000000         000012
