02RETORNO01COBRANCA       00000000000005167712PLANNER INTELIGENCIA CONTABIL 237BRADESCO       0509190160000000009                                                                                                                                                                                                                                                                          060919         000001
1021416195000010200000090036703330001                         0000000092480000003300000000000000000000000009020509190         00000000924800000033090919000000002000023704143  000000000000000000000000000000000000000000000000000000000000000000000000000000000000000000000000000000000000000000000                          0000000000                                                                  000002
10214161950000102000000900367033300010000000000000000000000000000000000000000029010000000000000000000000000906050919    DOC61500000000000000002901100919000000000560008500101  000000000000000000000000000000000000000000000000000000000000000000000000000000000000000560000000000000000000000000000   060919             00000000000000                                                                  000003
10214161950000102000000900367033300010000000000000000000000000000000000000000030530000000000000000000000000906050919    DOC63000000000000000003053050919000000004180008500101  000000000000000000000000000000000000000000000000000000000000000000000000000000000000004180000000000000000000000000000   060919             00000000000000                                                                  000004
102141619500001020000009003670333000100000000000000000000000000000000000000000307P0000000000000000000000000906050919    DOC6320000000000000000307P050919000000009900010400809  000000000000000000000000000000000000000000000000000000000000000000000000000000000000009900000000000000000000000000000   060919             00000000000000                                                                  000005
10214161950000102000000900367033300010000000000000000000000000000000000000000030880000000000000000000000000906050919    DOC63300000000000000003088050919000000008160008500101  000000000000000000000000000000000000000000000000000000000000000000000000000000000000008160000000000000000000000000000   060919             00000000000000                                                                  000006
102141619500001020000009003670333000100000000000000000000000000000000000000000310P0000000000000000000000000906050919    DOC6350000000000000000310P050919000000002200034106570  000000000000000000000000000000000000000000000000000000000000000000000000000000000000002200000000000000000000000000000   060919             00000000000000                                                                  000007
10214161950000102000000900367033300010000000000000000000000000000000000000000031260000000000000000000000000906050919    DOC63800000000000000003126050919000000000800023700333  000000000000000000000000000000000000000000000000000000000000000000000000000000000000000800000000000000000000000000000   060919             00000000000000                                                                  000008
10214161950000102000000900367033300010000000000000000000000000000000000000000032070000000000000000000000000906050919    DOC64600000000000000003207050919000000015000000100928  000000000000000000000000000000000000000000000000000000000000000000000000000000000000015000000000000000000000000000000   060919             00000000000000                                                                  000009
10214161950000102000000900367033300010000000000000000000000000000000000000000032150000000000000000000000000906050919    DOC64700000000000000003215050919000000004000008500101  000000000000000000000000000000000000000000000000000000000000000000000000000000000000004000000000000000000000000000000   060919             00000000000000                                                                  000010
102141619500001020000009003670333000100000000000000000000000000000000000000000324P0000000000000000000000000906050919    DOC6500000000000000000324P050919000000000600008500101  000000000000000000000000000000000000000000000000000000000000000000000000000000000000000600000000000000000000000000000   060919             00000000000000                                                                  000011
1021416195000010200000090036703330001                         0000000092480000003300000000000000000000000009060509190         00000000924800000033090919000000002000008500101  000000000000000000000000000000000000000000000000000000000000000000000000000000000000002000000000000000000000000000000   060919             00000000000000                                                                  000012
9201237          000000470000000339058900000009          00001000000020000000000474000000100000004740000000000000000000000000000000000000000000000000000000000000000000000000000000000000000                                                                                                                                                                              00000000000000000000000         000013
