02RETORNO01COBRANCA       00000000000005167648PLANNER CONTABILIDADE E AUDITO237BRADESCO       0611190160000000051                                                                                                                                                                                                                                                                          071119         000001
10223506343000128000000900367033200060000000000000000000000000000000000000000480490000000000000000000000000906061119   DOC588300000000000000048049051119000000002500074805902  000000000000000000000000000000000000000000000000000000000000000000000000000000000000002565000000000006500000000000000   071119             00000000000000                                                                  000002
10223506343000128000000900367033200060000000000000000000000000000000000000000482860000000000000000000000000906061119   DOC590700000000000000048286051119000000003800008500115  000000000000000000000000000000000000000000000000000000000000000000000000000000000000003891000000000009100000000000000   071119             00000000000000                                                                  000003
10223506343000128000000900367033200060000000000000000000000000000000000000000485100000000000000000000000000906061119   DOC593000000000000000048510101119000000002500003303798  000000000000000000000000000000000000000000000000000000000000000000000000000000000000002500000000000000000000000000000   071119             00000000000000                                                                  000004
10223506343000128000000900367033200060000000000000000000000000000000000000000485960000000000000000000000000906061119   DOC593800000000000000048596051119000000005000000103633  000000000000000000000000000000000000000000000000000000000000000000000000000000000000005115000000000011500000000000000   071119             00000000000000                                                                  000005
10223506343000128000000900367033200060000000000000000000000000000000000000000486690000000000000000000000000906061119   DOC594500000000000000048669081119000000002500008501104  000000000000000000000000000000000000000000000000000000000000000000000000000000000000002500000000000000000000000000000   071119             00000000000000                                                                  000006
9201237          000001580000001544520000000051          00000000000000000000000165710000050000001630000000000000000000000000000000000000000000000000000000000000000000000000000000000000000                                                                                                                                                                              00000000000000000000000         000007
