02RETORNO01COBRANCA       00000000000005167648PLANNER CONTABILIDADE E AUDITO237BRADESCO       0609190160000000011                                                                                                                                                                                                                                                                          090919         000001
10223506343000128000000900367033200060000000000000000000000000000000000000000437130000000000000000000000000906060919   DOC540200000000000000043713100919000000003669210400423  000000000000000000000000000000000000000000000000000000000000000000000000000000000000003669200000000000000000000000000   090919             00000000000000                                                                  000002
10223506343000128000000900367033200060000000000000000000000000000000000000000439500000000000000000000000000906060919   DOC542600000000000000043950100919000000002000010400423  000000000000000000000000000000000000000000000000000000000000000000000000000000000000002000000000000000000000000000000   090919             00000000000000                                                                  000003
102235063430001280000009003670332000600000000000000000000000000000000000000004454P0000000000000000000000000906060919   DOC54850000000000000004454P050919000000006050010400423  000000000000000000000000000000000000000000000000000000000000000000000000000000000000006186000000000013600000000000000   090919             00000000000000                                                                  000004
10223506343000128000000900367033200060000000000000000000000000000000000000000446200000000000000000000000000906060919   DOC549300000000000000044620050919000000017900075601771  000000000000000000000000000000000000000000000000000000000000000000000000000000000000018273000000000037300000000000000   090919             00000000000000                                                                  000005
10223506343000128000000900367033200060000000000000000000000000000000000000000451200000000000000000000000000906060919   DOC554400000000000000045120050919000000008000008500115  000000000000000000000000000000000000000000000000000000000000000000000000000000000000008175000000000017500000000000000   090919             00000000000000                                                                  000006
10223506343000128000000900367033200060000000000000000000000000000000000000000451390000000000000000000000000906060919   DOC554500000000000000045139050919000000011800008500115  000000000000000000000000000000000000000000000000000000000000000000000000000000000000012051000000000025100000000000000   090919             00000000000000                                                                  000007
10223506343000128000000900367033200060000000000000000000000000000000000000000451710000000000000000000000000906060919   DOC554900000000000000045171100919000000002000003303798  000000000000000000000000000000000000000000000000000000000000000000000000000000000000002000000000000000000000000000000   090919             00000000000000                                                                  000008
9201237          000000890000000990120300000011          00000000000000000000000523542000070000005141920000000000000000000000000000000000000000000000000000000000000000000000000000000000000                                                                                                                                                                              00000000000000000000000         000009
