02RETORNO01COBRANCA       00000000000005167644PLANNER SOLUCOES EMPRESARIAIS 237BRADESCO       0710190160000000025                                                                                                                                                                                                                                                                          081019         000001
102152119520001210000009003670331000000000000000000000000000000000000000000000338P0000000000000000000000000906071019   DOC19370000000000000000338P051019000000005887310400423  000000000000000000000000000000000000000000000000000000000000000000000000000000000000005887300000000000000000000000000   081019             00000000000000                                                                  000002
10215211952000121000000900367033100000000000000000000000000000000000000000000033980000000000000000000000000906071019   DOC193800000000000000003398051019000000010933275600327  000000000000000000000000000000000000000000000000000000000000000000000000000000000000010933200000000000000000000000000   081019             00000000000000                                                                  000003
10215211952000121000000900367033100000000000000000000000000000000000000000000034280000000000000000000000000906071019   DOC194100000000000000003428051019000000038325008501119  000000000000000000000000000000000000000000000000000000000000000000000000000000000000038325000000000000000000000000000   081019             00000000000000                                                                  000004
10215211952000121000000900367033100000000000000000000000000000000000000000000034440000000000000000000000000906071019   DOC194300000000000000003444051019000000006622475607343  000000000000000000000000000000000000000000000000000000000000000000000000000000000000006622400000000000000000000000000   081019             00000000000000                                                                  000005
10215211952000121000000900367033100000000000000000000000000000000000000000000034520000000000000000000000000906071019   DOC194400000000000000003452051019000000041054034108483  000000000000000000000000000000000000000000000000000000000000000000000000000000000000041054000000000000000000000000000   081019             00000000000000                                                                  000006
10215211952000121000000900367033100000000000000000000000000000000000000000000034600000000000000000000000000906071019   DOC194500000000000000003460051019000000029324475603084  000000000000000000000000000000000000000000000000000000000000000000000000000000000000029324400000000000000000000000000   081019             00000000000000                                                                  000007
10215211952000121000000900367033100000000000000000000000000000000000000000000034870000000000000000000000000906071019   DOC194700000000000000003487051019000000025039075601771  000000000000000000000000000000000000000000000000000000000000000000000000000000000000025039000000000000000000000000000   081019             00000000000000                                                                  000008
10215211952000121000000900367033100000000000000000000000000000000000000000000034950000000000000000000000000906071019   DOC194800000000000000003495051019000000008712534108483  000000000000000000000000000000000000000000000000000000000000000000000000000000000000008712500000000000000000000000000   081019             00000000000000                                                                  000009
10215211952000121000000900367033100000000000000000000000000000000000000000000035170000000000000000000000000906071019   DOC195000000000000000003517051019000000020440023706945  000000000000000000000000000000000000000000000000000000000000000000000000000000000000020440000000000000000000000000000   081019             00000000000000                                                                  000010
10215211952000121000000900367033100000000000000000000000000000000000000000000035410000000000000000000000000906071019   DOC195300000000000000003541051019000000028616008501132  000000000000000000000000000000000000000000000000000000000000000000000000000000000000028616000000000000000000000000000   081019             00000000000000                                                                  000011
102152119520001210000009003670331000000000000000000000000000000000000000000000355P0000000000000000000000000906071019   DOC19540000000000000000355P051019000000012000034100804  000000000000000000000000000000000000000000000000000000000000000000000000000000000000012000000000000000000000000000000   081019             00000000000000                                                                  000012
10215211952000121000000900367033100000000000000000000000000000000000000000000035680000000000000000000000000906071019   DOC195500000000000000003568051019000000047000034100132  000000000000000000000000000000000000000000000000000000000000000000000000000000000000047000000000000000000000000000000   081019             00000000000000                                                                  000013
10215211952000121000000900367033100000000000000000000000000000000000000000000035840000000000000000000000000906071019   DOC195700000000000000003584051019000000006000023700367  000000000000000000000000000000000000000000000000000000000000000000000000000000000000006000000000000000000000000000000   081019             00000000000000                                                                  000014
10215211952000121000000900367033100000000000000000000000000000000000000000000036300000000000000000000000000906071019   DOC196200000000000000003630051019000000005500000102495  000000000000000000000000000000000000000000000000000000000000000000000000000000000000005500000000000000000000000000000   081019             00000000000000                                                                  000015
102152119520001210000009003670331000000000000000000000000000000000000000000000372P0000000000000000000000000906071019   DOC11360000000000000000372P051019000000023013700100276  000000000000000000000000000000000000000000000000000000000000000000000000000000000000023013700000000000000000000000000   081019             00000000000000                                                                  000016
10215211952000121000000900367033100000000000000000000000000000000000000000000037620000000000000000000000000906071019   DOC114000000000000000003762051019000000016940675603069  000000000000000000000000000000000000000000000000000000000000000000000000000000000000016940600000000000000000000000000   081019             00000000000000                                                                  000017
10215211952000121000000900367033100000000000000000000000000000000000000000000037700000000000000000000000000906071019   DOC114100000000000000003770051019000000015713375600353  000000000000000000000000000000000000000000000000000000000000000000000000000000000000015713300000000000000000000000000   081019             00000000000000                                                                  000018
10215211952000121000000900367033100000000000000000000000000000000000000000000037970000000000000000000000000906071019   DOC114300000000000000003797051019000000009709008501104  000000000000000000000000000000000000000000000000000000000000000000000000000000000000009709000000000000000000000000000   081019             00000000000000                                                                  000019
10215211952000121000000900367033100000000000000000000000000000000000000000000038000000000000000000000000000906071019   DOC114400000000000000003800051019000000013286023700367  000000000000000000000000000000000000000000000000000000000000000000000000000000000000013286000000000000000000000000000   081019             00000000000000                                                                  000020
10215211952000121000000900367033100000000000000000000000000000000000000000000038190000000000000000000000000906071019   DOC114500000000000000003819051019000000013286000100276  000000000000000000000000000000000000000000000000000000000000000000000000000000000000013286000000000000000000000000000   081019             00000000000000                                                                  000021
10215211952000121000000900367033100000000000000000000000000000000000000000000038270000000000000000000000000906071019   DOC114600000000000000003827051019000000013286000100276  000000000000000000000000000000000000000000000000000000000000000000000000000000000000013286000000000000000000000000000   081019             00000000000000                                                                  000022
10215211952000121000000900367033100000000000000000000000000000000000000000000038350000000000000000000000000906071019   DOC114700000000000000003835051019000000010000075603034  000000000000000000000000000000000000000000000000000000000000000000000000000000000000010000000000000000000000000000000   081019             00000000000000                                                                  000023
9201237          000000270000000557320700000025          00000000000000000000004006884000220000040068840000000000000000000000000000000000000000000000000000000000000000000000000000000000000                                                                                                                                                                              00000000000000000000000         000024
