02RETORNO01COBRANCA       00000000000005167648PLANNER CONTABILIDADE E AUDITO237BRADESCO       0711190160000000052                                                                                                                                                                                                                                                                          081119         000001
1022350634300012800000090036703320006                         000000009311000000200000000000000000000000000902071119112019    00000000931100000020081119000000003000023704143  000000000000000000000000000000000000000000000000000000000000000000000000000000000000000000000000000000000000000000000                          0000000000                                                                  000002
10223506343000128000000900367033200060000000000000000000000000000000000000000477350000000000000000000000000906071119   DOC585200000000000000047735051119000000003300075603034  000000000000000000000000000000000000000000000000000000000000000000000000000000000000003396000000000009600000000000000   081119             00000000000000                                                                  000003
10223506343000128000000900367033200060000000000000000000000000000000000000000480810000000000000000000000000906071119   DOC588700000000000000048081101119000000002750013601206  000000000000000000000000000000000000000000000000000000000000000000000000000000000000002750000000000000000000000000000   081119             00000000000000                                                                  000004
10223506343000128000000900367033200060000000000000000000000000000000000000000482940000000000000000000000000906071119   DOC590800000000000000048294101119000000005000013601206  000000000000000000000000000000000000000000000000000000000000000000000000000000000000005000000000000000000000000000000   081119             00000000000000                                                                  000005
10223506343000128000000900367033200060000000000000000000000000000000000000000484050000000000000000000000000906071119   DOC591900000000000000048405101119000000002000013601206  000000000000000000000000000000000000000000000000000000000000000000000000000000000000002000000000000000000000000000000   081119             00000000000000                                                                  000006
10223506343000128000000900367033200060000000000000000000000000000000000000000484640000000000000000000000000906071119   DOC592500000000000000048464051119000000008000008501132  000000000000000000000000000000000000000000000000000000000000000000000000000000000000008190000000000019000000000000000   081119             00000000000000                                                                  000007
10223506343000128000000900367033200060000000000000000000000000000000000000000484720000000000000000000000000906071119   DOC592600000000000000048472051119000000000800008501132  000000000000000000000000000000000000000000000000000000000000000000000000000000000000000846000000000004600000000000000   081119             00000000000000                                                                  000008
10223506343000128000000900367033200060000000000000000000000000000000000000000486340000000000000000000000000906071119   DOC594200000000000000048634081119000000002500010400423  000000000000000000000000000000000000000000000000000000000000000000000000017000000000000800000000000000000000000000000   081119             00000000000000                                                                  000009
10223506343000128000000900367033200060000000000000000000000000000000000000000481380000000000000000000000000910071119   DOC589200000000000000048138051119000000014000023700000  000000000000000000000000000000000000000000000000000000000000000000000000000000000000000000000000000000000000000000000                          0000000000                                                                  000010
10223506343000128000000900367033200060000000000000000000000000000000000000000486340000000000000000000000000912071119   DOC594200000000000000048634051119000000002500023709999  000000000000000000000000000000000000000000000000000000000000170000000000000000000000000000000000000000000000000000000                          0000000000                                                                  000011
10223506343000128000000900367033200060000000000000000000000000000000000000000473790000000000000000000000000914071119   DOC581600000000000000047379101119000000007568023709999  000000000000000000000000000000000000000000000000000000000000000000000000000000000000000000000000000000000000000000000                          0000000000                                                                  000012
10223506343000128000000900367033200060000000000000000000000000000000000000000486340000000000000000000000000914071119   DOC594200000000000000048634081119000000002500023709999  000000000000000000000000000000000000000000000000000000000000000000000000000000000000000000000000000000000000000000000                          0000000000                                                                  000013
10223506343000128000000900367033200060000000000000000000000000000000000000000473790000000000000000000000000933071119   DOC581600000000000000047379101119000000007568023709999  000000000000000000000000000000000000000000000000000000000000000000000000000000000000000000000000000000000000000000000                          0000000000                                                                  000014
10223506343000128000000900367033200060000000000000000000000000000000000000000486340000000000000000000000000933071119   DOC594200000000000000048634081119000000002500023709999  000000000000000000000000000000000000000000000000000000000000170000000000000000000000000000000000000000000000000000000                          0000000000                                                                  000015
9201237          000001510000001509170000000052          00001000000030000000000229820000070000002435000000100000014000000000000000000000000020000001006800000100000002500000000000000000000                                                                                                                                                                              00000000000000000000000         000016
