02RETORNO01COBRANCA       00000000000005167712PLANNER INTELIGENCIA CONTABIL 237BRADESCO       0810190160000000027                                                                                                                                                                                                                                                                          091019         000001
10214161950000102000000900367033300010000000000000000000000000000000000000000034010000000000000000000000000906081019  DOC665-100000000000000003401101019000000014850008501114  000000000000000000000000000000000000000000000000000000000000000000000000000000000000014850000000000000000000000000000   091019             00000000000000                                                                  000002
10214161950000102000000900367033300010000000000000000000000000000000000000000038000000000000000000000000000906081019    DOC70600000000000000003800101019000000002500008501069  000000000000000000000000000000000000000000000000000000000000000000000000000000000000002500000000000000000000000000000   091019             00000000000000                                                                  000003
9201237          000000590000000390652300000027          00000000000000000000000173500000020000001735000000000000000000000000000000000000000000000000000000000000000000000000000000000000000                                                                                                                                                                              00000000000000000000000         000004
