02RETORNO01COBRANCA       00000000000005167648PLANNER CONTABILIDADE E AUDITO237BRADESCO       0811190160000000053                                                                                                                                                                                                                                                                          111119         000001
10223506343000128000000900367033200060000000000000000000000000000000000000000471070000000000000000000000000906081119   DOC578900000000000000047107081119000000011893575603034  000000000000000000000000000000000000000000000000000000000000000000000000000000000000011893500000000000000000000000000   111119             00000000000000                                                                  000002
10223506343000128000000900367033200060000000000000000000000000000000000000000473360000000000000000000000000906081119   DOC581200000000000000047336101119000000011000042200067  000000000000000000000000000000000000000000000000000000000000000000000000000000000000011000000000000000000000000000000   111119             00000000000000                                                                  000003
10223506343000128000000900367033200060000000000000000000000000000000000000000480730000000000000000000000000906081119   DOC588600000000000000048073101119000000015025508501132  000000000000000000000000000000000000000000000000000000000000000000000000000000000000015025500000000000000000000000000   111119             00000000000000                                                                  000004
10223506343000128000000900367033200060000000000000000000000000000000000000000484480000000000000000000000000906081119   DOC592300000000000000048448081119000000002500000100276  000000000000000000000000000000000000000000000000000000000000000000000000000000000000002500000000000000000000000000000   111119             00000000000000                                                                  000005
1022350634300012800000090036703320006                         000000009311000000200000000000000000000000000906081119112019    00000000931100000020081119000000003000023700367  000000000000000000000000000000000000000000000000000000000000000000000000000000000000003000000000000000000000000000000   111119             00000000000000                                                                  000006
10223506343000128000000900367033200060000000000000000000000000000000000000000439180000000000000000000000000910081119   DOC542200000000000000043918100919000000008286023700000  000000000000000000000000000000000000000000000000000000000000000000000000000000000000000000000000000000000000000000000                          0000000000                                                                  000007
10223506343000128000000900367033200060000000000000000000000000000000000000000439420000000000000000000000000910081119   DOC542500000000000000043942100919000000003787523700000  000000000000000000000000000000000000000000000000000000000000000000000000000000000000000000000000000000000000000000000                          0000000000                                                                  000008
10223506343000128000000900367033200060000000000000000000000000000000000000000439690000000000000000000000000910081119   DOC542700000000000000043969100919000000001009923700000  000000000000000000000000000000000000000000000000000000000000000000000000000000000000000000000000000000000000000000000                          0000000000                                                                  000009
10223506343000128000000900367033200060000000000000000000000000000000000000000447360000000000000000000000000910081119   DOC550400000000000000044736100919000000007183323700000  000000000000000000000000000000000000000000000000000000000000000000000000000000000000000000000000000000000000000000000                          0000000000                                                                  000010
10223506343000128000000900367033200060000000000000000000000000000000000000000448840000000000000000000000000910081119   DOC551900000000000000044884150919000000005500023700000  000000000000000000000000000000000000000000000000000000000000000000000000000000000000000000000000000000000000000000000                          0000000000                                                                  000011
9201237          000001410000001439984300000053          00000000000000000000000434190000050000004341900000500000025766700000000000000000000000000000000000000000000000000000000000000000000                                                                                                                                                                              00000000000000000000000         000012
