02RETORNO01COBRANCA       00000000000005167648PLANNER CONTABILIDADE E AUDITO237BRADESCO       0910190160000000033                                                                                                                                                                                                                                                                          101019         000001
102235063430001280000009003670332000600000000000000000000000000000000000000004566P0000000000000000000000000906091019   DOC56250000000000000004566P101019000000011000042200067  000000000000000000000000000000000000000000000000000000000000000000000000000000000000011000000000000000000000000000000   101019             00000000000000                                                                  000002
10223506343000128000000900367033200060000000000000000000000000000000000000000459290000000000000000000000000914091019   DOC565200000000000000045929111019000000001149523709999  000000000000000000000000000000000000000000000000000000000000000000000000000000000000000000000000000000000000000000000                          0000000000                                                                  000003
10223506343000128000000900367033200060000000000000000000000000000000000000000459370000000000000000000000000914091019   DOC565300000000000000045937111019000000025841623709999  000000000000000000000000000000000000000000000000000000000000000000000000000000000000000000000000000000000000000000000                          0000000000                                                                  000004
10223506343000128000000900367033200060000000000000000000000000000000000000000459530000000000000000000000000914091019   DOC565500000000000000045953111019000000001149523709999  000000000000000000000000000000000000000000000000000000000000000000000000000000000000000000000000000000000000000000000                          0000000000                                                                  000005
10223506343000128000000900367033200060000000000000000000000000000000000000000463720000000000000000000000000914091019   DOC569700000000000000046372111019000000000990023709999  000000000000000000000000000000000000000000000000000000000000000000000000000000000000000000000000000000000000000000000                          0000000000                                                                  000006
10223506343000128000000900367033200060000000000000000000000000000000000000000465690000000000000000000000000914091019   DOC571600000000000000046569111019000000010494023709999  000000000000000000000000000000000000000000000000000000000000000000000000000000000000000000000000000000000000000000000                          0000000000                                                                  000007
10223506343000128000000900367033200060000000000000000000000000000000000000000459290000000000000000000000000933091019   DOC565200000000000000045929111019000000001149523709999  000000000000000000000000000000000000000000000000000000000000000000000000000000000000000000000000000000000000000000000                          0000000000                                                                  000008
10223506343000128000000900367033200060000000000000000000000000000000000000000459370000000000000000000000000933091019   DOC565300000000000000045937111019000000025841623709999  000000000000000000000000000000000000000000000000000000000000000000000000000000000000000000000000000000000000000000000                          0000000000                                                                  000009
10223506343000128000000900367033200060000000000000000000000000000000000000000459530000000000000000000000000933091019   DOC565500000000000000045953111019000000001149523709999  000000000000000000000000000000000000000000000000000000000000000000000000000000000000000000000000000000000000000000000                          0000000000                                                                  000010
10223506343000128000000900367033200060000000000000000000000000000000000000000463720000000000000000000000000933091019   DOC569700000000000000046372111019000000000990023709999  000000000000000000000000000000000000000000000000000000000000000000000000000000000000000000000000000000000000000000000                          0000000000                                                                  000011
10223506343000128000000900367033200060000000000000000000000000000000000000000465690000000000000000000000000933091019   DOC571600000000000000046569111019000000010494023709999  000000000000000000000000000000000000000000000000000000000000000000000000000000000000000000000000000000000000000000000                          0000000000                                                                  000012
9201237          000001230000001154242500000033          00000000000000000000000110000000010000001100000000000000000000000000000000000000000050000003962460000000000000000000000000000000000                                                                                                                                                                              00000000000000000000000         000013
