02RETORNO01COBRANCA       00000000000005167712PLANNER INTELIGENCIA CONTABIL 237BRADESCO       0909190160000000010                                                                                                                                                                                                                                                                          100919         000001
10214161950000102000000900367033300010000000000000000000000000000000000000000029950000000000000000000000000906090919    DOC62400000000000000002995100919000000006600008500101  000000000000000000000000000000000000000000000000000000000000000000000000000000000000006600000000000000000000000000000   100919             00000000000000                                                                  000002
10214161950000102000000900367033300010000000000000000000000000000000000000000030020000000000000000000000000906090919    DOC62500000000000000003002100919000000006600008500101  000000000000000000000000000000000000000000000000000000000000000000000000000000000000006600000000000000000000000000000   100919             00000000000000                                                                  000003
10214161950000102000000900367033300010000000000000000000000000000000000000000031690000000000000000000000000906090919    DOC64200000000000000003169070919000000004600023700381  000000000000000000000000000000000000000000000000000000000000000000000000000000000000004600000000000000000000000000000   100919             00000000000000                                                                  000004
9201237          000000440000000321258900000010          00000000000000000000000178000000030000001780000000000000000000000000000000000000000000000000000000000000000000000000000000000000000                                                                                                                                                                              00000000000000000000000         000005
