02RETORNO01COBRANCA       00000000000005167712PLANNER INTELIGENCIA CONTABIL 237BRADESCO       1010190160000000029                                                                                                                                                                                                                                                                          111019         000001
10214161950000102000000900367033300010000000000000000000000000000000000000000032660000000000000000000000000906101019    DOC65200000000000000003266101019000000006013200100629  000000000000000000000000000000000000000000000000000000000000000000000000000000000000006013200000000000000000000000000   111019             00000000000000                                                                  000002
10214161950000102000000900367033300010000000000000000000000000000000000000000032740000000000000000000000000906101019    DOC65300000000000000003274101019000000042460823707281  000000000000000000000000000000000000000000000000000000000000000000000000000000000000042460800000000000000000000000000   111019             00000000000000                                                                  000003
10214161950000102000000900367033300010000000000000000000000000000000000000000032820000000000000000000000000906101019    DOC65400000000000000003282101019000000006000008501114  000000000000000000000000000000000000000000000000000000000000000000000000000000000000006000000000000000000000000000000   111019             00000000000000                                                                  000004
10214161950000102000000900367033300010000000000000000000000000000000000000000033390000000000000000000000000906101019    DOC65900000000000000003339101019000000010639623700381  000000000000000000000000000000000000000000000000000000000000000000000000000000000000010639600000000000000000000000000   111019             00000000000000                                                                  000005
10214161950000102000000900367033300010000000000000000000000000000000000000000033470000000000000000000000000906101019    DOC66000000000000000003347101019000000003359823700381  000000000000000000000000000000000000000000000000000000000000000000000000000000000000003359800000000000000000000000000   111019             00000000000000                                                                  000006
10214161950000102000000900367033300010000000000000000000000000000000000000000033550000000000000000000000000906101019    DOC66100000000000000003355101019000000003563500100629  000000000000000000000000000000000000000000000000000000000000000000000000000000000000003563500000000000000000000000000   111019             00000000000000                                                                  000007
10214161950000102000000900367033300010000000000000000000000000000000000000000033630000000000000000000000000906101019    DOC66200000000000000003363101019000000007114208501062  000000000000000000000000000000000000000000000000000000000000000000000000000000000000007114200000000000000000000000000   111019             00000000000000                                                                  000008
102141619500001020000009003670333000100000000000000000000000000000000000000000338P0000000000000000000000000906101019    DOC6640000000000000000338P101019000000002787410401544  000000000000000000000000000000000000000000000000000000000000000000000000000000000000002787400000000000000000000000000   111019             00000000000000                                                                  000009
102141619500001020000009003670333000100000000000000000000000000000000000000000341P0000000000000000000000000906101019    DOC6660000000000000000341P101019000000011957008501050  000000000000000000000000000000000000000000000000000000000000000000000000000000000000011957000000000000000000000000000   111019             00000000000000                                                                  000010
10214161950000102000000900367033300010000000000000000000000000000000000000000034280000000000000000000000000906101019    DOC66700000000000000003428101019000000006803508501050  000000000000000000000000000000000000000000000000000000000000000000000000000000000000006803500000000000000000000000000   111019             00000000000000                                                                  000011
10214161950000102000000900367033300010000000000000000000000000000000000000000034360000000000000000000000000906101019    DOC66800000000000000003436101019000000002799974805914  000000000000000000000000000000000000000000000000000000000000000000000000000000000000002799900000000000000000000000000   111019             00000000000000                                                                  000012
10214161950000102000000900367033300010000000000000000000000000000000000000000034600000000000000000000000000906101019    DOC67100000000000000003460101019000000002799908501034  000000000000000000000000000000000000000000000000000000000000000000000000000000000000002799900000000000000000000000000   111019             00000000000000                                                                  000013
10214161950000102000000900367033300010000000000000000000000000000000000000000034790000000000000000000000000906101019    DOC67200000000000000003479101019000000003000008501114  000000000000000000000000000000000000000000000000000000000000000000000000000000000000003000000000000000000000000000000   111019             00000000000000                                                                  000014
10214161950000102000000900367033300010000000000000000000000000000000000000000035090000000000000000000000000906101019    DOC67500000000000000003509101019000000002500000100629  000000000000000000000000000000000000000000000000000000000000000000000000000000000000002500000000000000000000000000000   111019             00000000000000                                                                  000015
10214161950000102000000900367033300010000000000000000000000000000000000000000035170000000000000000000000000906101019    DOC67600000000000000003517101019000000003850034106570  000000000000000000000000000000000000000000000000000000000000000000000000000000000000003850000000000000000000000000000   111019             00000000000000                                                                  000016
10214161950000102000000900367033300010000000000000000000000000000000000000000035330000000000000000000000000906101019    DOC67800000000000000003533101019000000006600008501114  000000000000000000000000000000000000000000000000000000000000000000000000000000000000006600000000000000000000000000000   111019             00000000000000                                                                  000017
10214161950000102000000900367033300010000000000000000000000000000000000000000035410000000000000000000000000906101019    DOC67900000000000000003541101019000000006600008501114  000000000000000000000000000000000000000000000000000000000000000000000000000000000000006600000000000000000000000000000   111019             00000000000000                                                                  000018
10214161950000102000000900367033300010000000000000000000000000000000000000000035840000000000000000000000000906101019    DOC68300000000000000003584051019000000004180008501057  000000000000000000000000000000000000000000000000000000000000000000000000000000000000004190500000000001050000000000000   111019             00000000000000                                                                  000019
10214161950000102000000900367033300010000000000000000000000000000000000000000035920000000000000000000000000906101019    DOC68400000000000000003592101019000000005312508501034  000000000000000000000000000000000000000000000000000000000000000000000000000000000000005312500000000000000000000000000   111019             00000000000000                                                                  000020
1021416195000010200000090036703330001                         0000000092750000002200000000000000000000000009061010190         00000000927500000022101019000000002750008501034  000000000000000000000000000000000000000000000000000000000000000000000000000000000000002750000000000000000000000000000   111019             00000000000000                                                                  000021
9201237          000000370000000244261000000029          00000000000000000000001411018000200000014109130000000000000000000000000000000000000000000000000000000000000000000000000000000000000                                                                                                                                                                              00000000000000000000000         000022
