02RETORNO01COBRANCA       00000000000005167712PLANNER INTELIGENCIA CONTABIL 237BRADESCO       1009190160000000011                                                                                                                                                                                                                                                                          110919         000001
1021416195000010200000090036703330001                         000000009253000000250000000000000000000000000902100919DOC643    00000000925300000025110919000000000450023704143  000000000000000000000000000000000000000000000000000000000000000000000000000000000000000000000000000000000000000000000                          0000000000                                                                  000002
10214161950000102000000900367033300010000000000000000000000000000000000000000027150000000000000000000000000906100919    DOC59600000000000000002715100919000000006030600100629  000000000000000000000000000000000000000000000000000000000000000000000000000000000000006030600000000000000000000000000   110919             00000000000000                                                                  000003
10214161950000102000000900367033300010000000000000000000000000000000000000000027230000000000000000000000000906100919    DOC59700000000000000002723100919000000042475223707281  000000000000000000000000000000000000000000000000000000000000000000000000000000000000042475200000000000000000000000000   110919             00000000000000                                                                  000004
10214161950000102000000900367033300010000000000000000000000000000000000000000027310000000000000000000000000906100919    DOC59800000000000000002731100919000000009666608500101  000000000000000000000000000000000000000000000000000000000000000000000000000000000000009666600000000000000000000000000   110919             00000000000000                                                                  000005
10214161950000102000000900367033300010000000000000000000000000000000000000000028040000000000000000000000000906100919    DOC60500000000000000002804100919000000003563500100629  000000000000000000000000000000000000000000000000000000000000000000000000000000000000003563500000000000000000000000000   110919             00000000000000                                                                  000006
10214161950000102000000900367033300010000000000000000000000000000000000000000028120000000000000000000000000906100919    DOC60600000000000000002812100919000000007114208500101  000000000000000000000000000000000000000000000000000000000000000000000000000000000000007114200000000000000000000000000   110919             00000000000000                                                                  000007
10214161950000102000000900367033300010000000000000000000000000000000000000000028390000000000000000000000000906100919    DOC60800000000000000002839100919000000002787410401544  000000000000000000000000000000000000000000000000000000000000000000000000000000000000002787400000000000000000000000000   110919             00000000000000                                                                  000008
10214161950000102000000900367033300010000000000000000000000000000000000000000028550000000000000000000000000906100919    DOC61000000000000000002855100919000000011957008500101  000000000000000000000000000000000000000000000000000000000000000000000000000000000000011957000000000000000000000000000   110919             00000000000000                                                                  000009
10214161950000102000000900367033300010000000000000000000000000000000000000000028630000000000000000000000000906100919    DOC61100000000000000002863100919000000006803508500101  000000000000000000000000000000000000000000000000000000000000000000000000000000000000006803500000000000000000000000000   110919             00000000000000                                                                  000010
10214161950000102000000900367033300010000000000000000000000000000000000000000028710000000000000000000000000906100919    DOC61200000000000000002871100919000000002799974805914  000000000000000000000000000000000000000000000000000000000000000000000000000000000000002799900000000000000000000000000   110919             00000000000000                                                                  000011
102141619500001020000009003670333000100000000000000000000000000000000000000000288P0000000000000000000000000906100919    DOC6130000000000000000288P100919000000002750075603034  000000000000000000000000000000000000000000000000000000000000000000000000000000000000002750000000000000000000000000000   110919             00000000000000                                                                  000012
102141619500001020000009003670333000100000000000000000000000000000000000000000291P0000000000000000000000000906100919    DOC6160000000000000000291P100919000000002799908500101  000000000000000000000000000000000000000000000000000000000000000000000000000000000000002799900000000000000000000000000   110919             00000000000000                                                                  000013
10214161950000102000000900367033300010000000000000000000000000000000000000000029280000000000000000000000000906100919    DOC61700000000000000002928100919000000006666608500101  000000000000000000000000000000000000000000000000000000000000000000000000000000000000006666600000000000000000000000000   110919             00000000000000                                                                  000014
10214161950000102000000900367033300010000000000000000000000000000000000000000029520000000000000000000000000906100919    DOC62000000000000000002952100919000000002500000100629  000000000000000000000000000000000000000000000000000000000000000000000000000000000000002500000000000000000000000000000   110919             00000000000000                                                                  000015
10214161950000102000000900367033300010000000000000000000000000000000000000000029790000000000000000000000000906100919    DOC62200000000000000002979100919000000003850034106570  000000000000000000000000000000000000000000000000000000000000000000000000000000000000003850000000000000000000000000000   110919             00000000000000                                                                  000016
10214161950000102000000900367033300010000000000000000000000000000000000000000030610000000000000000000000000906100919    DOC63100000000000000003061100919000000005312508500101  000000000000000000000000000000000000000000000000000000000000000000000000000000000000005312500000000000000000000000000   110919             00000000000000                                                                  000017
10214161950000102000000900367033300010000000000000000000000000000000000000000031340000000000000000000000000906100919    DOC63900000000000000003134050919000000003473008500101  000000000000000000000000000000000000000000000000000000000000000000000000000000000000003617400000000014440000000000000   110919             00000000000000                                                                  000018
10214161950000102000000900367033300010000000000000000000000000000000000000000032580000000000000000000000000906100919    DOC65100000000000000003258100919000000002750008500101  000000000000000000000000000000000000000000000000000000000000000000000000000000000000002750000000000000000000000000000   110919             00000000000000                                                                  000019
1021416195000010200000090036703330001                         000000009241000000240000000000000000000000000906100919609       00000000924100000024100919000000014850008500101  000000000000000000000000000000000000000000000000000000000000000000000000000000000000014850000000000000000000000000000   110919             00000000000000                                                                  000020
1021416195000010200000090036703330001                         000000009253000000250000000000000000000000000906100919DOC643    00000000925300000025110919000000000450023702927  000000000000000000000000000000000000000000000000000000000000000000000000000000000000000450000000000000000000000000000   110919             00000000000000                                                                  000021
9201237          000000260000000183109000000011          00001000000004500000001387443000190000013859990000000000000000000000000000000000000000000000000000000000000000000000000000000000000                                                                                                                                                                              00000000000000000000000         000022
