02RETORNO01COBRANCA       00000000000005167712PLANNER INTELIGENCIA CONTABIL 237BRADESCO       1110190160000000030                                                                                                                                                                                                                                                                          141019         000001
10214161950000102000000900367033300010000000000000000000000000000000000000000037030000000000000000000000000906111019    DOC69600000000000000003703101019000000000450023702927  000000000000000000000000000000000000000000000000000000000000000000000000000000000000000450200000000000020000000000000   141019             00000000000000                                                                  000002
10214161950000102000000900367033300010000000000000000000000000000000000000000037110000000000000000000000000906111019    DOC69700000000000000003711151019000000023500004100515  000000000000000000000000000000000000000000000000000000000000000000000000000000000000023500000000000000000000000000000   141019             00000000000000                                                                  000003
9201237          000000350000000220311000000030          00000000000000000000000239502000020000002395000000000000000000000000000000000000000000000000000000000000000000000000000000000000000                                                                                                                                                                              00000000000000000000000         000004
