02RETORNO01COBRANCA       00000000000005167712PLANNER INTELIGENCIA CONTABIL 237BRADESCO       1109190160000000012                                                                                                                                                                                                                                                                          120919         000001
1021416195000010200000090036703330001                         000000009254000000220000000000000000000000000902110919DOC637    00000000925400000022120919000000005247023704143  000000000000000000000000000000000000000000000000000000000000000000000000000000000000000000000000000000000000000000000                          0000000000                                                                  000002
10214161950000102000000900367033300010000000000000000000000000000000000000000029600000000000000000000000000906110919    DOC62100000000000000002960100919000000016799923700353  000000000000000000000000000000000000000000000000000000000000000000000000000000000000017150800000000035090000000000000   120919             00000000000000                                                                  000003
10214161950000102000000900367033300010000000000000000000000000000000000000000031420000000000000000000000000906110919    DOC64000000000000000003142220919000000003500008500101  000000000000000000000000000000000000000000000000000000000000000000000000000000000000003500000000000000000000000000000   120919             00000000000000                                                                  000004
10214161950000102000000900367033300010000000000000000000000000000000000000000027740000000000000000000000000914110919    DOC60200000000000000002774120919000000007768523709999  000000000000000000000000000000000000000000000000000000000000000000000000000000000000000000000000000000000000000000000                          0000000000                                                                  000005
10214161950000102000000900367033300010000000000000000000000000000000000000000027740000000000000000000000000933110919    DOC60200000000000000002774120919000000007768523709999  000000000000000000000000000000000000000000000000000000000000000000000000000000000000000000000000000000000000000000000                          0000000000                                                                  000006
9201237          000000250000000168056100000012          00001000000052470000000206508000020000002029990000000000000000000000000000000000000010000000776850000000000000000000000000000000000                                                                                                                                                                              00000000000000000000000         000007
