02RETORNO01COBRANCA       00000000000005167644PLANNER SOLUCOES EMPRESARIAIS 237BRADESCO       1111190160000000041                                                                                                                                                                                                                                                                          121119         000001
10215211952000121000000900367033100000000000000000000000000000000000000000000038940000000000000000000000000906111119   DOC115500000000000000003894101119000000019782600103633  000000000000000000000000000000000000000000000000000000000000000000000000000000000000019782600000000000000000000000000   121119             00000000000000                                                                  000002
102152119520001210000009003670331000000000000000000000000000000000000000000000405P0000000000000000000000000906111119   DOC19800000000000000000405P101119000000012785423700367  000000000000000000000000000000000000000000000000000000000000000000000000000000000000012785400000000000000000000000000   121119             00000000000000                                                                  000003
10215211952000121000000900367033100000000000000000000000000000000000000000000040680000000000000000000000000906111119   DOC198100000000000000004068101119000000012219734108483  000000000000000000000000000000000000000000000000000000000000000000000000000000000000012219700000000000000000000000000   121119             00000000000000                                                                  000004
10215211952000121000000900367033100000000000000000000000000000000000000000000042970000000000000000000000000906111119   DOC200500000000000000004297101119000000012000010400423  000000000000000000000000000000000000000000000000000000000000000000000000000000000000012000000000000000000000000000000   121119             00000000000000                                                                  000005
10215211952000121000000900367033100000000000000000000000000000000000000000000043000000000000000000000000000906111119   DOC200600000000000000004300101119000000025000075603034  000000000000000000000000000000000000000000000000000000000000000000000000000000000000025000000000000000000000000000000   121119             00000000000000                                                                  000006
9201237          000000260000000525044500000041          00000000000000000000000817877000050000008178770000000000000000000000000000000000000000000000000000000000000000000000000000000000000                                                                                                                                                                              00000000000000000000000         000007
