02RETORNO01COBRANCA       00000000000005167644PLANNER SOLUCOES EMPRESARIAIS 237BRADESCO       1211190160000000042                                                                                                                                                                                                                                                                          131119         000001
1021521195200012100000090036703310000                         000000009316000000270000000000000000000000000902121119112019    00000000931600000027121119000000024000023704143  000000000000000000000000000000000000000000000000000000000000000000000000000000000000000000000000000000000000000000000                          7600000000                                                                  000002
10215211952000121000000900367033100000000000000000000000000000000000000000000039080000000000000000000000000906121119   DOC115600000000000000003908121119000000010996523700367  000000000000000000000000000000000000000000000000000000000000000000000000000000000000010996500000000000000000000000000   131119             00000000000000                                                                  000003
102152119520001210000009003670331000000000000000000000000000000000000000000000436P0000000000000000000000000906121119   DOC20120000000000000000436P101119000000022000023706945  000000000000000000000000000000000000000000000000000000000000000000000000000000000000022470000000000047000000000000000   131119             00000000000000                                                                  000004
1021521195200012100000090036703310000                         000000009316000000270000000000000000000000000906121119112019    00000000931600000027121119000000024000000102495  000000000000000000000000000000000000000000000000000000000000000000000000000000000000024000000000000000000000000000000   131119             00000000000000                                                                  000005
9201237          000000240000000492048000000042          00001000000240000000000574665000030000005699650000000000000000000000000000000000000000000000000000000000000000000000000000000000000                                                                                                                                                                              00000000000000000000000         000006
