02RETORNO01COBRANCA       00000000000005167712PLANNER INTELIGENCIA CONTABIL 237BRADESCO       1209190160000000013                                                                                                                                                                                                                                                                          130919         000001
10214161950000102000000900367033300010000000000000000000000000000000000000000027740000000000000000000000000906120919    DOC60200000000000000002774120919000000007768575603069  000000000000000000000000000000000000000000000000000000000000000000000000000000000000007768500000000000000000000000000   130919             00000000000000                                                                  000002
10214161950000102000000900367033300010000000000000000000000000000000000000000030370000000000000000000000000906120919    DOC62800000000000000003037120919000000003850008500101  000000000000000000000000000000000000000000000000000000000000000000000000000000000000003850000000000000000000000000000   130919             00000000000000                                                                  000003
10214161950000102000000900367033300010000000000000000000000000000000000000000030450000000000000000000000000906120919    DOC62900000000000000003045120919000000003850008500101  000000000000000000000000000000000000000000000000000000000000000000000000000000000000003850000000000000000000000000000   130919             00000000000000                                                                  000004
1021416195000010200000090036703330001                         000000009254000000220000000000000000000000000906120919DOC637    00000000925400000022120919000000005247075603069  000000000000000000000000000000000000000000000000000000000000000000000000000000000000005247000000000000000000000000000   130919             00000000000000                                                                  000005
10214161950000102000000900367033300010000000000000000000000000000000000000000032230000000000000000000000000914120919    DOC64800000000000000003223200919000000001700023709999  000000000000000000000000000000000000000000000000000000000000000000000000000000000000000000000000000000000000000000000                          0000000000                                                                  000006
10214161950000102000000900367033300010000000000000000000000000000000000000000032310000000000000000000000000914120919    DOC64900000000000000003231200919000000007500023709999  000000000000000000000000000000000000000000000000000000000000000000000000000000000000000000000000000000000000000000000                          0000000000                                                                  000007
10214161950000102000000900367033300010000000000000000000000000000000000000000032230000000000000000000000000933120919    DOC64800000000000000003223200919000000001700023709999  000000000000000000000000000000000000000000000000000000000000000000000000000000000000000000000000000000000000000000000                          0000000000                                                                  000008
10214161950000102000000900367033300010000000000000000000000000000000000000000032310000000000000000000000000933120919    DOC64900000000000000003231200919000000007500023709999  000000000000000000000000000000000000000000000000000000000000000000000000000000000000000000000000000000000000000000000                          0000000000                                                                  000009
9201237          000000210000000147340600000013          00000000000000000000000207155000040000002071550000000000000000000000000000000000000020000000920000000000000000000000000000000000000                                                                                                                                                                              00000000000000000000000         000010
