02RETORNO01COBRANCA       00000000000005167712PLANNER INTELIGENCIA CONTABIL 237BRADESCO       1309190160000000014                                                                                                                                                                                                                                                                          160919         000001
102141619500001020000009003670333000100000000000000000000000000000000000000000274P0000000000000000000000000906130919    DOC5990000000000000000274P150919000000003300008500101  000000000000000000000000000000000000000000000000000000000000000000000000000000000000003300000000000000000000000000000   160919             00000000000000                                                                  000002
9201237          000000200000000144040600000014          00000000000000000000000033000000010000000330000000000000000000000000000000000000000000000000000000000000000000000000000000000000000                                                                                                                                                                              00000000000000000000000         000003
