02RETORNO01COBRANCA       00000000000005167731PLANNER SERVICOS DE ADMINISTRA237BRADESCO       1311190160000000025                                                                                                                                                                                                                                                                          141119         000001
1022422562400017500000090036703340007                         000000009287000000230000000000000000000000000906131119342/1     00000000928700000023161119000000009965000100696  000000000000000000000000000000000000000000000000000000000000000000000000000000000000009965000000000000000000000000000   141119             00000000000000                                                                  000002
9201237          000000100000000222765000000025          00000000000000000000000099650000010000000996500000000000000000000000000000000000000000000000000000000000000000000000000000000000000                                                                                                                                                                              00000000000000000000000         000003
