02RETORNO01COBRANCA       00000000000005167644PLANNER SOLUCOES EMPRESARIAIS 237BRADESCO       1410190160000000028                                                                                                                                                                                                                                                                          151019         000001
10215211952000121000000900367033100000000000000000000000000000000000000000000037540000000000000000000000000906141019   DOC113900000000000000003754121019000000008797223700367  000000000000000000000000000000000000000000000000000000000000000000000000000000000000008797200000000000000000000000000   151019             00000000000000                                                                  000002
9201237          000000200000000442735800000028          00000000000000000000000087972000010000000879720000000000000000000000000000000000000000000000000000000000000000000000000000000000000                                                                                                                                                                              00000000000000000000000         000003
