02RETORNO01COBRANCA       00000000000005167712PLANNER INTELIGENCIA CONTABIL 237BRADESCO       1411190160000000049                                                                                                                                                                                                                                                                          181119         000001
10214161950000102000000900367033300010000000000000000000000000000000000000000041060000000000000000000000000906141119    DOC73500000000000000004106121119000000002750008501034  000000000000000000000000000000000000000000000000000000000000000000000000000000000000002835000000000008500000000000000   181119             00000000000000                                                                  000002
10214161950000102000000900367033300010000000000000000000000000000000000000000041730000000000000000000000000906141119    DOC74200000000000000004173151119000000004400008501057  000000000000000000000000000000000000000000000000000000000000000000000000000000000000004400000000000000000000000000000   181119             00000000000000                                                                  000003
1021416195000010200000090036703330001                         000000009305000001470000000000000000000000000906141119112019    00000000930500000147101119000000006040200100629  000000000000000000000000000000000000000000000000000000000000000000000000000000000000006173000000000013280000000000000   181119             00000000000000                                                                  000004
9201237          000000320000000241280000000049          00000000000000000000000134080000030000001319020000000000000000000000000000000000000000000000000000000000000000000000000000000000000                                                                                                                                                                              00000000000000000000000         000005
