02RETORNO01COBRANCA       00000000000005167640PLANNER SERVICOS DE TECNOLOGIA237BRADESCO       1510190160000000019                                                                                                                                                                                                                                                                          161019         000001
1023286247800011700000090036703300005                         000000009288000000120000000000000000000000000902151019102019-1  00000000928800000012151019000000018670023704143  000000000000000000000000000000000000000000000000000000000000000000000000000000000000000000000000000000000000000000000                          0000000000                                                                  000002
1023286247800011700000090036703300005                         000000009288000000200000000000000000000000000902151019102019-1  00000000928800000020151119000000018665023704143  000000000000000000000000000000000000000000000000000000000000000000000000000000000000000000000000000000000000000000000                          0000000000                                                                  000003
1023286247800011700000090036703300005                         000000009288000000390000000000000000000000000902151019102019-1  00000000928800000039151219000000018665023704143  000000000000000000000000000000000000000000000000000000000000000000000000000000000000000000000000000000000000000000000                          0000000000                                                                  000004
1023286247800011700000090036703300005                         000000009288000000120000000000000000000000000906151019102019-1  00000000928800000012151019000000018670008501104  000000000000000000000000000000000000000000000000000000000000000000000000000000000000018670000000000000000000000000000   161019             00000000000000                                                                  000005
9201237          000000040000000038129000000019          00003000000560000000000186700000010000001867000000000000000000000000000000000000000000000000000000000000000000000000000000000000000                                                                                                                                                                              00000000000000000000000         000006
