02RETORNO01COBRANCA       00000000000005167712PLANNER INTELIGENCIA CONTABIL 237BRADESCO       1609190160000000015                                                                                                                                                                                                                                                                          170919         000001
1021416195000010200000090036703330001                         000000009259000000290000000000000000000000000902160919042019    00000000925900000029200919000000001800023704144  000000000000000000000000000000000000000000000000000000000000000000000000000000000000000000000000000000000000000000000                          0000000000                                                                  000002
1021416195000010200000090036703330001                         000000009259000000450000000000000000000000000902160919052019    00000000925900000045170919000000001000023704143  000000000000000000000000000000000000000000000000000000000000000000000000000000000000000000000000000000000000000000000                          0000000000                                                                  000003
1021416195000010200000090036703330001                         000000009259000000610000000000000000000000000902160919489       00000000925900000061160919000000004716623704143  000000000000000000000000000000000000000000000000000000000000000000000000000000000000000000000000000000000000000000000                          7600000000                                                                  000004
10214161950000102000000900367033300010000000000000000000000000000000000000000027580000000000000000000000000906160919    DOC60000000000000000002758130919000000004716608500101  000000000000000000000000000000000000000000000000000000000000000000000000000000000000004855900000000013930000000000000   170919             00000000000000                                                                  000005
10214161950000102000000900367033300010000000000000000000000000000000000000000028200000000000000000000000000906160919    DOC60700000000000000002820150919000000002750008500106  000000000000000000000000000000000000000000000000000000000000000000000000000000000000002750000000000000000000000000000   170919             00000000000000                                                                  000006
10214161950000102000000900367033300010000000000000000000000000000000000000000030960000000000000000000000000906160919    DOC63400000000000000003096150919000000004400008500101  000000000000000000000000000000000000000000000000000000000000000000000000000000000000004400000000000000000000000000000   170919             00000000000000                                                                  000007
10214161950000102000000900367033300010000000000000000000000000000000000000000031850000000000000000000000000906160919    DOC64400000000000000003185150919000000023500004100515  000000000000000000000000000000000000000000000000000000000000000000000000000000000000023500000000000000000000000000000   170919             00000000000000                                                                  000008
1021416195000010200000090036703330001                         000000009259000000610000000000000000000000000906160919489       00000000925900000061160919000000004716608500101  000000000000000000000000000000000000000000000000000000000000000000000000000000000000004716600000000000000000000000000   170919             00000000000000                                                                  000009
9201237          000000180000000111474000000015          00003000000075166000000402225000050000004008320000000000000000000000000000000000000000000000000000000000000000000000000000000000000                                                                                                                                                                              00000000000000000000000         000010
