02RETORNO01COBRANCA       00000000000005167712PLANNER INTELIGENCIA CONTABIL 237BRADESCO       1610190160000000033                                                                                                                                                                                                                                                                          171019         000001
10214161950000102000000900367033300010000000000000000000000000000000000000000036060000000000000000000000000906161019    DOC68500000000000000003606051019000000009900034106570  000000000000000000000000000000000000000000000000000000000000000000000000000000000000009953900000000005390000000000000   171019             00000000000000                                                                  000002
9201237          000000300000000177477800000033          00000000000000000000000099539000010000000990000000000000000000000000000000000000000000000000000000000000000000000000000000000000000                                                                                                                                                                              00000000000000000000000         000003
