02RETORNO01COBRANCA       00000000000005167712PLANNER INTELIGENCIA CONTABIL 237BRADESCO       1710190160000000034                                                                                                                                                                                                                                                                          181019         000001
102141619500001020000009003670333000100000000000000000000000000000000000000000355P0000000000000000000000000906171019    DOC6800000000000000000355P121019000000002750008501034  000000000000000000000000000000000000000000000000000000000000000000000000000000000000002757000000000000700000000000000   181019             00000000000000                                                                  000002
9201237          000000290000000174727800000034          00000000000000000000000027570000010000000275000000000000000000000000000000000000000000000000000000000000000000000000000000000000000                                                                                                                                                                              00000000000000000000000         000003
