02RETORNO01COBRANCA       00000000000005167648PLANNER CONTABILIDADE E AUDITO237BRADESCO       1709190160000000018                                                                                                                                                                                                                                                                          180919         000001
10223506343000128000000900367033200060000000000000000000000000000000000000000438530000000000000000000000000906170919   DOC541600000000000000043853200919000000005747500100276  000000000000000000000000000000000000000000000000000000000000000000000000000000000000005747500000000000000000000000000   180919             00000000000000                                                                  000002
10223506343000128000000900367033200060000000000000000000000000000000000000000450310000000000000000000000000906160919   DOC553500000000000000045031150919000000276320075603087  000000000000000000000000000000000000000000000000000000000000000000000000000000000000276320000000000000000000000000000   180919             00000000000000                                                                  000003
9201237          000000420000000302132400000018          00000000000000000000002820675000020000028206750000000000000000000000000000000000000000000000000000000000000000000000000000000000000                                                                                                                                                                              00000000000000000000000         000004
