02RETORNO01COBRANCA       00000000000005167712PLANNER INTELIGENCIA CONTABIL 237BRADESCO       1811190160000000050                                                                                                                                                                                                                                                                          191119         000001
1021416195000010200000090036703330001                         000000009322000000240000000000000000000000000902181119112019    00000000932200000024191119000000000868423704143  000000000000000000000000000000000000000000000000000000000000000000000000000000000000000000000000000000000000000000000                          0000000000                                                                  000002
10214161950000102000000900367033300010000000000000000000000000000000000000000042700000000000000000000000000906181119    DOC75200000000000000004270151119000000023500004100515  000000000000000000000000000000000000000000000000000000000000000000000000000000000000023500000000000000000000000000000   191119             00000000000000                                                                  000003
1021416195000010200000090036703330001                         000000009322000000240000000000000000000000000906181119112019    00000000932200000024191119000000000868423700333  000000000000000000000000000000000000000000000000000000000000000000000000000000000000000868400000000000000000000000000   191119             00000000000000                                                                  000004
9201237          000000310000000217780000000050          00001000000008684000000243684000020000002436840000000000000000000000000000000000000000000000000000000000000000000000000000000000000                                                                                                                                                                              00000000000000000000000         000005
