02RETORNO01COBRANCA       00000000000005167644PLANNER SOLUCOES EMPRESARIAIS 237BRADESCO       1810190160000000030                                                                                                                                                                                                                                                                          211019         000001
10215211952000121000000900367033100000000000000000000000000000000000000000000036220000000000000000000000000906181019   DOC196100000000000000003622181019000000026000013302038  000000000000000000000000000000000000000000000000000000000000000000000000000000000000026000000000000000000000000000000   211019             00000000000000                                                                  000002
9201237          000000150000000281093900000030          00000000000000000000000260000000010000002600000000000000000000000000000000000000000000000000000000000000000000000000000000000000000                                                                                                                                                                              00000000000000000000000         000003
