02RETORNO01COBRANCA       00000000000005167712PLANNER INTELIGENCIA CONTABIL 237BRADESCO       1809190160000000016                                                                                                                                                                                                                                                                          190919         000001
10214161950000102000000900367033300010000000000000000000000000000000000000000029870000000000000000000000000906180919    DOC62300000000000000002987200919000000002943865500655  000000000000000000000000000000000000000000000000000000000000000000000000000000000000002943800000000000000000000000000   190919             00000000000000                                                                  000002
9201237          000000170000000108530200000016          00000000000000000000000029438000010000000294380000000000000000000000000000000000000000000000000000000000000000000000000000000000000                                                                                                                                                                              00000000000000000000000         000003
