02RETORNO01COBRANCA       00000000000005167712PLANNER INTELIGENCIA CONTABIL 237BRADESCO       1911190160000000051                                                                                                                                                                                                                                                                          201119         000001
1021416195000010200000090036703330001                         000000009323000000210000000000000000000000000902191119112019    00000000932300000021191119000000000450023704143  000000000000000000000000000000000000000000000000000000000000000000000000000000000000000000000000000000000000000000000                          0000000000                                                                  000002
1021416195000010200000090036703330001                         000000009323000000480000000000000000000000000902191119112019    00000000932300000048221119000000029520023704143  000000000000000000000000000000000000000000000000000000000000000000000000000000000000000000000000000000000000000000000                          0000000000                                                                  000003
10214161950000102000000900367033300010000000000000000000000000000000000000000038510000000000000000000000000906191119    DOC71000000000000000003851151119000000003300008501114  000000000000000000000000000000000000000000000000000000000000000000000000000000000000003426000000000012600000000000000   201119             00000000000000                                                                  000004
10214161950000102000000900367033300010000000000000000000000000000000000000000039910000000000000000000000000906191119    DOC72400000000000000003991101119000000002750075603034  000000000000000000000000000000000000000000000000000000000000000000000000000000000000002940000000000019000000000000000   201119             00000000000000                                                                  000005
1021416195000010200000090036703330001                         000000009305000000150000000000000000000000000906191119112019    00000000930500000015161119000000016666608501114  000000000000000000000000000000000000000000000000000000000000000000000000000000000000016666600000000000000000000000000   201119             00000000000000                                                                  000006
1021416195000010200000090036703330001                         000000009323000000210000000000000000000000000906191119112019    00000000932300000021191119000000000450023702927  000000000000000000000000000000000000000000000000000000000000000000000000000000000000000450000000000000000000000000000   201119             00000000000000                                                                  000007
1021416195000010200000090036703330001                         000000009305000000820000000000000000000000000914191119052019    00000000930500000082211119000000007089523709999  000000000000000000000000000000000000000000000000000000000000000000000000000000000000000000000000000000000000000000000                          0000000000                                                                  000008
1021416195000010200000090036703330001                         000000009305000000820000000000000000000000000933191119052019    00000000930500000082211119000000007089523709999  000000000000000000000000000000000000000000000000000000000000000000000000000000000000000000000000000000000000000000000                          0000000000                                                                  000009
9201237          000000290000000224583400000051          00002000000299700000000234826000040000002316660000000000000000000000000000000000000010000000708950000000000000000000000000000000000                                                                                                                                                                              00000000000000000000000         000010
