02RETORNO01COBRANCA       00000000000005167712PLANNER INTELIGENCIA CONTABIL 237BRADESCO       1909190160000000017                                                                                                                                                                                                                                                                          200919         000001
10214161950000102000000900367033300010000000000000000000000000000000000000000031180000000000000000000000000906190919    DOC63600000000000000003118200919000000016247008500101  000000000000000000000000000000000000000000000000000000000000000000000000000000000000016247000000000000000000000000000   200919             00000000000000                                                                  000002
9201237          000000160000000092283200000017          00000000000000000000000162470000010000001624700000000000000000000000000000000000000000000000000000000000000000000000000000000000000                                                                                                                                                                              00000000000000000000000         000003
