02RETORNO01COBRANCA       00000000000005167712PLANNER INTELIGENCIA CONTABIL 237BRADESCO       2011190160000000052                                                                                                                                                                                                                                                                          211119         000001
102141619500001020000009003670333000100000000000000000000000000000000000000000419P0000000000000000000000000906201119    DOC7440000000000000000419P201119000000003000008501114  000000000000000000000000000000000000000000000000000000000000000000000000000000000000003000000000000000000000000000000   211119             00000000000000                                                                  000002
10214161950000102000000900367033300010000000000000000000000000000000000000000043510000000000000000000000000906201119    DOC76000000000000000004351201119000000005247008501114  000000000000000000000000000000000000000000000000000000000000000000000000000000000000005247000000000000000000000000000   211119             00000000000000                                                                  000003
10214161950000102000000900367033300010000000000000000000000000000000000000000032230000000000000000000000000910201119    DOC64800000000000000003223200919000000001700023700000  000000000000000000000000000000000000000000000000000000000000000000000000000000000000000000000000000000000000000000000                          1600000000                                                                  000004
10214161950000102000000900367033300010000000000000000000000000000000000000000032310000000000000000000000000910201119    DOC64900000000000000003231200919000000007500023700000  000000000000000000000000000000000000000000000000000000000000000000000000000000000000000000000000000000000000000000000                          1600000000                                                                  000005
9201237          000000250000000207136400000052          00000000000000000000000082470000020000000824700000200000009200000000000000000000000000000000000000000000000000000000000000000000000                                                                                                                                                                              00000000000000000000000         000006
