02RETORNO01COBRANCA       00000000000005167648PLANNER CONTABILIDADE E AUDITO237BRADESCO       2009190160000000021                                                                                                                                                                                                                                                                          230919         000001
10223506343000128000000900367033200060000000000000000000000000000000000000000445580000000000000000000000000906200919   DOC548600000000000000044558200919000000002750008500115  000000000000000000000000000000000000000000000000000000000000000000000000000000000000002750000000000000000000000000000   230919             00000000000000                                                                  000002
10223506343000128000000900367033200060000000000000000000000000000000000000000451980000000000000000000000000906200919   DOC555100000000000000045198200919000000011000008500115  000000000000000000000000000000000000000000000000000000000000000000000000000000000000011000000000000000000000000000000   230919             00000000000000                                                                  000003
1022350634300012800000090036703320006                         0000000092620000002400000000000000000000000009062009194652019   00000000926200000024200919000000008000003301257  000000000000000000000000000000000000000000000000000000000000000000000000000000000000008000000000000000000000000000000   230919             00000000000000                                                                  000004
1022350634300012800000090036703320006                         0000000092620000004000000000000000000000000009062009194662019   00000000926200000040200919000000006000003301257  000000000000000000000000000000000000000000000000000000000000000000000000000000000000006000000000000000000000000000000   230919             00000000000000                                                                  000005
1022350634300012800000090036703320006                         000000009262000000670000000000000000000000000914200919DOC5547   00000000926200000067240919000000000360023709999  000000000000000000000000000000000000000000000000000000000000000000000000000000000000000000000000000000000000000000000                          0000000000                                                                  000006
9201237          000000370000000263586100000021          00000000000000000000000277500000040000002775000000000000000000000000000000000000000010000000036000000000000000000000000000000000000                                                                                                                                                                              00000000000000000000000         000007
