02RETORNO01COBRANCA       00000000000005167648PLANNER CONTABILIDADE E AUDITO237BRADESCO       2110190160000000041                                                                                                                                                                                                                                                                          221019         000001
10223506343000128000000900367033200060000000000000000000000000000000000000000455030000000000000000000000000906211019   DOC560900000000000000045503201019000000005747500100276  000000000000000000000000000000000000000000000000000000000000000000000000000000000000005747500000000000000000000000000   221019             00000000000000                                                                  000002
10223506343000128000000900367033200060000000000000000000000000000000000000000462160000000000000000000000000906211019   DOC568100000000000000046216201019000000002750008501156  000000000000000000000000000000000000000000000000000000000000000000000000000000000000002750000000000000000000000000000   221019             00000000000000                                                                  000003
10223506343000128000000900367033200060000000000000000000000000000000000000000455460000000000000000000000000914211019   DOC561300000000000000045546221019000000026142923709999  000000000000000000000000000000000000000000000000000000000000000000000000000000000000000000000000000000000000000000000                          0000000000                                                                  000004
10223506343000128000000900367033200060000000000000000000000000000000000000000455460000000000000000000000000933211019   DOC561300000000000000045546221019000000026142923709999  000000000000000000000000000000000000000000000000000000000000000000000000000000000000000000000000000000000000000000000                          0000000000                                                                  000005
9201237          000000740000000496611000000041          00000000000000000000000084975000020000000849750000000000000000000000000000000000000010000002614290000000000000000000000000000000000                                                                                                                                                                              00000000000000000000000         000006
