02RETORNO01COBRANCA       00000000000005167712PLANNER INTELIGENCIA CONTABIL 237BRADESCO       2210190160000000037                                                                                                                                                                                                                                                                          221019         000001
10214161950000102000000900367033300010000000000000000000000000000000000000000027820000000000000000000000000914221019    DOC60300000000000000002782231019000000010639623709999  000000000000000000000000000000000000000000000000000000000000000000000000000000000000000000000000000000000000000000000                          0000000000                                                                  000002
10214161950000102000000900367033300010000000000000000000000000000000000000000027900000000000000000000000000914221019    DOC60400000000000000002790231019000000014359823709999  000000000000000000000000000000000000000000000000000000000000000000000000000000000000000000000000000000000000000000000                          0000000000                                                                  000003
10214161950000102000000900367033300010000000000000000000000000000000000000000034440000000000000000000000000914221019    DOC66900000000000000003444231019000000002750023709999  000000000000000000000000000000000000000000000000000000000000000000000000000000000000000000000000000000000000000000000                          0000000000                                                                  000004
10214161950000102000000900367033300010000000000000000000000000000000000000000027820000000000000000000000000933221019    DOC60300000000000000002782231019000000010639623709999  000000000000000000000000000000000000000000000000000000000000000000000000000000000000000000000000000000000000000000000                          0000000000                                                                  000005
10214161950000102000000900367033300010000000000000000000000000000000000000000027900000000000000000000000000933221019    DOC60400000000000000002790231019000000014359823709999  000000000000000000000000000000000000000000000000000000000000000000000000000000000000000000000000000000000000000000000                          0000000000                                                                  000006
10214161950000102000000900367033300010000000000000000000000000000000000000000034440000000000000000000000000933221019    DOC66900000000000000003444231019000000002750023709999  000000000000000000000000000000000000000000000000000000000000000000000000000000000000000000000000000000000000000000000                          0000000000                                                                  000007
9201237          000000270000000153430800000037          00000000000000000000000000000000000000000000000000000000000000000000000000000000000030000002774940000000000000000000000000000000000                                                                                                                                                                              00000000000000000000000         000008
