02RETORNO01COBRANCA       00000000000005167648PLANNER CONTABILIDADE E AUDITO237BRADESCO       2211190160000000062                                                                                                                                                                                                                                                                          251119         000001
10223506343000128000000900367033200060000000000000000000000000000000000000000485530000000000000000000000000906221119   DOC593400000000000000048553221119000000003500000100276  000000000000000000000000000000000000000000000000000000000000000000000000000000000000003500000000000000000000000000000   251119             00000000000000                                                                  000002
1022350634300012800000090036703320006                         000000009325000000260000000000000000000000000906221119112019    00000000932500000026221119000000009531010400423  000000000000000000000000000000000000000000000000000000000000000000000000000000000000009531000000000000000000000000000   251119             00000000000000                                                                  000003
9201237          000000870000000598714600000062          00000000000000000000000130310000020000001303100000000000000000000000000000000000000000000000000000000000000000000000000000000000000                                                                                                                                                                              00000000000000000000000         000004
