02RETORNO01COBRANCA       00000000000005167712PLANNER INTELIGENCIA CONTABIL 237BRADESCO       2310190160000000038                                                                                                                                                                                                                                                                          241019         000001
10214161950000102000000900367033300010000000000000000000000000000000000000000027820000000000000000000000000906231019    DOC60300000000000000002782231019000000010639623700381  000000000000000000000000000000000000000000000000000000000000000000000000000000000000010639600000000000000000000000000   241019             00000000000000                                                                  000002
10214161950000102000000900367033300010000000000000000000000000000000000000000027900000000000000000000000000906231019    DOC60400000000000000002790231019000000014359823700381  000000000000000000000000000000000000000000000000000000000000000000000000000000000000014359800000000000000000000000000   241019             00000000000000                                                                  000003
10214161950000102000000900367033300010000000000000000000000000000000000000000034440000000000000000000000000906231019    DOC66900000000000000003444231019000000002750000102495  000000000000000000000000000000000000000000000000000000000000000000000000000000000000002750000000000000000000000000000   241019             00000000000000                                                                  000004
10214161950000102000000900367033300010000000000000000000000000000000000000000035250000000000000000000000000906231019    DOC67700000000000000003525201019000000002943865500655  000000000000000000000000000000000000000000000000000000000000000000000000000000000000002948300000000000450000000000000   241019             00000000000000                                                                  000005
9201237          000000230000000122737600000038          00000000000000000000000306977000040000003069320000000000000000000000000000000000000000000000000000000000000000000000000000000000000                                                                                                                                                                              00000000000000000000000         000006
