02RETORNO01COBRANCA       00000000000005167712PLANNER INTELIGENCIA CONTABIL 237BRADESCO       2309190160000000018                                                                                                                                                                                                                                                                          230919         000001
1021416195000010200000090036703330001                         0000000092660000002300000000000000000000000009022309190012019   00000000926600000023251019000000007720023704143  000000000000000000000000000000000000000000000000000000000000000000000000000000000000000000000000000000000000000000000                          0000000000                                                                  000002
1021416195000010200000090036703330001                         0000000092660000004P0000000000000000000000000902230919022019    0000000092660000004P251119000000007720023704143  000000000000000000000000000000000000000000000000000000000000000000000000000000000000000000000000000000000000000000000                          0000000000                                                                  000003
1021416195000010200000090036703330001                         000000009266000000660000000000000000000000000902230919032019    00000000926600000066151219000000007720023704143  000000000000000000000000000000000000000000000000000000000000000000000000000000000000000000000000000000000000000000000                          0000000000                                                                  000004
9201237          000000190000000115443200000018          00003000000231600000000000000000000000000000000000000000000000000000000000000000000000000000000000000000000000000000000000000000000                                                                                                                                                                              00000000000000000000000         000005
