02RETORNO01COBRANCA       00000000000005167712PLANNER INTELIGENCIA CONTABIL 237BRADESCO       2409190160000000019                                                                                                                                                                                                                                                                          250919         000001
1021416195000010200000090036703330001                         000000009241000000400000000000000000000000000906240919609       00000000924100000040250919000000014850008500101  000000000000000000000000000000000000000000000000000000000000000000000000000000000000014850000000000000000000000000000   250919             00000000000000                                                                  000002
10214161950000102000000900367033300010000000000000000000000000000000000000000031930000000000000000000000000914240919    DOC64500000000000000003193250919000000005000023709999  000000000000000000000000000000000000000000000000000000000000000000000000000000000000000000000000000000000000000000000                          0000000000                                                                  000003
10214161950000102000000900367033300010000000000000000000000000000000000000000031930000000000000000000000000933240919    DOC64500000000000000003193250919000000005000023709999  000000000000000000000000000000000000000000000000000000000000000000000000000000000000000000000000000000000000000000000                          0000000000                                                                  000004
9201237          000000180000000100593200000019          00000000000000000000000148500000010000001485000000000000000000000000000000000000000010000000500000000000000000000000000000000000000                                                                                                                                                                              00000000000000000000000         000005
