02RETORNO01COBRANCA       00000000000005167644PLANNER SOLUCOES EMPRESARIAIS 237BRADESCO       2509190160000000018                                                                                                                                                                                                                                                                          250919         000001
102152119520001210000009003670331000000000000000000000000000000000000000000000338P0000000000000000000000000902250919   DOC19370000000000000000338P051019000000005887323700367  000000000000000000000000000000000000000000000000000000000000000000000000000000000000000000000000000000000000000000000                          7600000000                                                                  000002
10215211952000121000000900367033100000000000000000000000000000000000000000000033980000000000000000000000000902250919   DOC193800000000000000003398051019000000010933223704143  000000000000000000000000000000000000000000000000000000000000000000000000000000000000000000000000000000000000000000000                          7600000000                                                                  000003
10215211952000121000000900367033100000000000000000000000000000000000000000000034010000000000000000000000000902250919   DOC193900000000000000003401101019000000012785423704143  000000000000000000000000000000000000000000000000000000000000000000000000000000000000000000000000000000000000000000000                          7600000000                                                                  000004
102152119520001210000009003670331000000000000000000000000000000000000000000000341P0000000000000000000000000902250919   DOC19400000000000000000341P101019000000012219723704143  000000000000000000000000000000000000000000000000000000000000000000000000000000000000000000000000000000000000000000000                          7600000000                                                                  000005
10215211952000121000000900367033100000000000000000000000000000000000000000000034280000000000000000000000000902250919   DOC194100000000000000003428051019000000038325023704143  000000000000000000000000000000000000000000000000000000000000000000000000000000000000000000000000000000000000000000000                          7600000000                                                                  000006
10215211952000121000000900367033100000000000000000000000000000000000000000000034360000000000000000000000000902250919   DOC194200000000000000003436251019000000014075623704143  000000000000000000000000000000000000000000000000000000000000000000000000000000000000000000000000000000000000000000000                          0000000000                                                                  000007
10215211952000121000000900367033100000000000000000000000000000000000000000000034440000000000000000000000000902250919   DOC194300000000000000003444051019000000006622423704143  000000000000000000000000000000000000000000000000000000000000000000000000000000000000000000000000000000000000000000000                          0000000000                                                                  000008
10215211952000121000000900367033100000000000000000000000000000000000000000000034520000000000000000000000000902250919   DOC194400000000000000003452051019000000041054023704143  000000000000000000000000000000000000000000000000000000000000000000000000000000000000000000000000000000000000000000000                          7600000000                                                                  000009
10215211952000121000000900367033100000000000000000000000000000000000000000000034600000000000000000000000000902250919   DOC194500000000000000003460051019000000029324423704143  000000000000000000000000000000000000000000000000000000000000000000000000000000000000000000000000000000000000000000000                          7600000000                                                                  000010
10215211952000121000000900367033100000000000000000000000000000000000000000000034790000000000000000000000000902250919   DOC194600000000000000003479151019000000028412023704143  000000000000000000000000000000000000000000000000000000000000000000000000000000000000000000000000000000000000000000000                          0000000000                                                                  000011
10215211952000121000000900367033100000000000000000000000000000000000000000000034870000000000000000000000000902250919   DOC194700000000000000003487051019000000025039023704143  000000000000000000000000000000000000000000000000000000000000000000000000000000000000000000000000000000000000000000000                          0000000000                                                                  000012
10215211952000121000000900367033100000000000000000000000000000000000000000000034950000000000000000000000000902250919   DOC194800000000000000003495051019000000008712523704143  000000000000000000000000000000000000000000000000000000000000000000000000000000000000000000000000000000000000000000000                          7600000000                                                                  000013
10215211952000121000000900367033100000000000000000000000000000000000000000000035090000000000000000000000000902250919   DOC194900000000000000003509051019000000022000023704143  000000000000000000000000000000000000000000000000000000000000000000000000000000000000000000000000000000000000000000000                          7600000000                                                                  000014
10215211952000121000000900367033100000000000000000000000000000000000000000000035170000000000000000000000000902250919   DOC195000000000000000003517051019000000020440023704143  000000000000000000000000000000000000000000000000000000000000000000000000000000000000000000000000000000000000000000000                          7600000000                                                                  000015
10215211952000121000000900367033100000000000000000000000000000000000000000000035250000000000000000000000000902250919   DOC195100000000000000003525101019000000024000023704143  000000000000000000000000000000000000000000000000000000000000000000000000000000000000000000000000000000000000000000000                          7600000000                                                                  000016
10215211952000121000000900367033100000000000000000000000000000000000000000000035330000000000000000000000000902250919   DOC195200000000000000003533261019000000027000023704143  000000000000000000000000000000000000000000000000000000000000000000000000000000000000000000000000000000000000000000000                          0000000000                                                                  000017
10215211952000121000000900367033100000000000000000000000000000000000000000000035410000000000000000000000000902250919   DOC195300000000000000003541051019000000028616023704143  000000000000000000000000000000000000000000000000000000000000000000000000000000000000000000000000000000000000000000000                          7600000000                                                                  000018
102152119520001210000009003670331000000000000000000000000000000000000000000000355P0000000000000000000000000902250919   DOC19540000000000000000355P051019000000012000023704143  000000000000000000000000000000000000000000000000000000000000000000000000000000000000000000000000000000000000000000000                          7600000000                                                                  000019
10215211952000121000000900367033100000000000000000000000000000000000000000000035680000000000000000000000000902250919   DOC195500000000000000003568051019000000047000023704143  000000000000000000000000000000000000000000000000000000000000000000000000000000000000000000000000000000000000000000000                          7600000000                                                                  000020
10215211952000121000000900367033100000000000000000000000000000000000000000000035760000000000000000000000000902250919   DOC195600000000000000003576051019000000022000023704143  000000000000000000000000000000000000000000000000000000000000000000000000000000000000000000000000000000000000000000000                          7600000000                                                                  000021
10215211952000121000000900367033100000000000000000000000000000000000000000000035840000000000000000000000000902250919   DOC195700000000000000003584051019000000006000023704143  000000000000000000000000000000000000000000000000000000000000000000000000000000000000000000000000000000000000000000000                          7600000000                                                                  000022
10215211952000121000000900367033100000000000000000000000000000000000000000000035920000000000000000000000000902250919   DOC195800000000000000003592231019000000005534823704143  000000000000000000000000000000000000000000000000000000000000000000000000000000000000000000000000000000000000000000000                          7600000000                                                                  000023
10215211952000121000000900367033100000000000000000000000000000000000000000000036060000000000000000000000000902250919   DOC195900000000000000003606101019000000025000023704143  000000000000000000000000000000000000000000000000000000000000000000000000000000000000000000000000000000000000000000000                          0000000000                                                                  000024
10215211952000121000000900367033100000000000000000000000000000000000000000000036140000000000000000000000000902250919   DOC196000000000000000003614151019000000029324423704143  000000000000000000000000000000000000000000000000000000000000000000000000000000000000000000000000000000000000000000000                          7600000000                                                                  000025
10215211952000121000000900367033100000000000000000000000000000000000000000000036220000000000000000000000000902250919   DOC196100000000000000003622181019000000026000023704143  000000000000000000000000000000000000000000000000000000000000000000000000000000000000000000000000000000000000000000000                          7600000000                                                                  000026
10215211952000121000000900367033100000000000000000000000000000000000000000000036300000000000000000000000000902250919   DOC196200000000000000003630051019000000005500023704143  000000000000000000000000000000000000000000000000000000000000000000000000000000000000000000000000000000000000000000000                          0000000000                                                                  000027
10215211952000121000000900367033100000000000000000000000000000000000000000000036490000000000000000000000000902250919   DOC196300000000000000003649151019000000047281523704143  000000000000000000000000000000000000000000000000000000000000000000000000000000000000000000000000000000000000000000000                          7600000000                                                                  000028
10215211952000121000000900367033100000000000000000000000000000000000000000000036570000000000000000000000000902250919   DOC196400000000000000003657281019000000025000023704143  000000000000000000000000000000000000000000000000000000000000000000000000000000000000000000000000000000000000000000000                          7600000000                                                                  000029
10215211952000121000000900367033100000000000000000000000000000000000000000000036650000000000000000000000000902250919   DOC196500000000000000003665101019000000012000023704143  000000000000000000000000000000000000000000000000000000000000000000000000000000000000000000000000000000000000000000000                          0000000000                                                                  000030
10215211952000121000000900367033100000000000000000000000000000000000000000000036730000000000000000000000000902250919   DOC196600000000000000003673101019000000025000023704143  000000000000000000000000000000000000000000000000000000000000000000000000000000000000000000000000000000000000000000000                          7600000000                                                                  000031
10215211952000121000000900367033100000000000000000000000000000000000000000000036810000000000000000000000000902250919   DOC196700000000000000003681151019000000040000023704143  000000000000000000000000000000000000000000000000000000000000000000000000000000000000000000000000000000000000000000000                          0000000000                                                                  000032
102152119520001210000009003670331000000000000000000000000000000000000000000000369P0000000000000000000000000902250919   DOC19680000000000000000369P151019000000029500023704143  000000000000000000000000000000000000000000000000000000000000000000000000000000000000000000000000000000000000000000000                          7600000000                                                                  000033
10215211952000121000000900367033100000000000000000000000000000000000000000000037030000000000000000000000000902250919   DOC196900000000000000003703051019000000025000023704143  000000000000000000000000000000000000000000000000000000000000000000000000000000000000000000000000000000000000000000000                          7600000000                                                                  000034
10215211952000121000000900367033100000000000000000000000000000000000000000000037110000000000000000000000000902250919   DOC197000000000000000003711251019000000020000023704143  000000000000000000000000000000000000000000000000000000000000000000000000000000000000000000000000000000000000000000000                          0000000000                                                                  000035
102152119520001210000009003670331000000000000000000000000000000000000000000000372P0000000000000000000000000902250919   DOC11360000000000000000372P051019000000023013723704143  000000000000000000000000000000000000000000000000000000000000000000000000000000000000000000000000000000000000000000000                          0000000000                                                                  000036
10215211952000121000000900367033100000000000000000000000000000000000000000000037380000000000000000000000000902250919   DOC113700000000000000003738151019000000019036023704143  000000000000000000000000000000000000000000000000000000000000000000000000000000000000000000000000000000000000000000000                          7600000000                                                                  000037
10215211952000121000000900367033100000000000000000000000000000000000000000000037460000000000000000000000000902250919   DOC113800000000000000003746101019000000019782623704143  000000000000000000000000000000000000000000000000000000000000000000000000000000000000000000000000000000000000000000000                          0000000000                                                                  000038
10215211952000121000000900367033100000000000000000000000000000000000000000000037540000000000000000000000000902250919   DOC113900000000000000003754121019000000008797223704143  000000000000000000000000000000000000000000000000000000000000000000000000000000000000000000000000000000000000000000000                          7600000000                                                                  000039
10215211952000121000000900367033100000000000000000000000000000000000000000000037620000000000000000000000000902250919   DOC114000000000000000003762051019000000016940623704143  000000000000000000000000000000000000000000000000000000000000000000000000000000000000000000000000000000000000000000000                          0000000000                                                                  000040
10215211952000121000000900367033100000000000000000000000000000000000000000000037700000000000000000000000000902250919   DOC114100000000000000003770051019000000015713323704143  000000000000000000000000000000000000000000000000000000000000000000000000000000000000000000000000000000000000000000000                          7600000000                                                                  000041
10215211952000121000000900367033100000000000000000000000000000000000000000000037890000000000000000000000000902250919   DOC114200000000000000003789051019000000016940623700367  000000000000000000000000000000000000000000000000000000000000000000000000000000000000000000000000000000000000000000000                          7600000000                                                                  000042
10215211952000121000000900367033100000000000000000000000000000000000000000000037970000000000000000000000000902250919   DOC114300000000000000003797051019000000009709023704143  000000000000000000000000000000000000000000000000000000000000000000000000000000000000000000000000000000000000000000000                          7600000000                                                                  000043
10215211952000121000000900367033100000000000000000000000000000000000000000000038000000000000000000000000000902250919   DOC114400000000000000003800051019000000013286023700367  000000000000000000000000000000000000000000000000000000000000000000000000000000000000000000000000000000000000000000000                          7600000000                                                                  000044
10215211952000121000000900367033100000000000000000000000000000000000000000000038190000000000000000000000000902250919   DOC114500000000000000003819051019000000013286023700367  000000000000000000000000000000000000000000000000000000000000000000000000000000000000000000000000000000000000000000000                          7600000000                                                                  000045
10215211952000121000000900367033100000000000000000000000000000000000000000000038270000000000000000000000000902250919   DOC114600000000000000003827051019000000013286023704143  000000000000000000000000000000000000000000000000000000000000000000000000000000000000000000000000000000000000000000000                          7600000000                                                                  000046
10215211952000121000000900367033100000000000000000000000000000000000000000000038350000000000000000000000000902250919   DOC114700000000000000003835051019000000010000023704143  000000000000000000000000000000000000000000000000000000000000000000000000000000000000000000000000000000000000000000000                          7600000000                                                                  000047
10215211952000121000000900367033100000000000000000000000000000000000000000000038430000000000000000000000000902250919   DOC114800000000000000003843051019000000016940623704143  000000000000000000000000000000000000000000000000000000000000000000000000000000000000000000000000000000000000000000000                          0000000000                                                                  000048
9201237          000000550000001075600800000018          00047000009543188000000000000000000000000000000000000000000000000000000000000000000000000000000000000000000000000000000000000000000                                                                                                                                                                              00000000000000000000000         000049
