02RETORNO01COBRANCA       00000000000005167712PLANNER INTELIGENCIA CONTABIL 237BRADESCO       2609190160000000020                                                                                                                                                                                                                                                                          260919         000001
10214161950000102000000900367033300010000000000000000000000000000000000000000032660000000000000000000000000902260919    DOC65200000000000000003266101019000000006013223704143  000000000000000000000000000000000000000000000000000000000000000000000000000000000000000000000000000000000000000000000                          7600000000                                                                  000002
10214161950000102000000900367033300010000000000000000000000000000000000000000032740000000000000000000000000902260919    DOC65300000000000000003274101019000000042460823704143  000000000000000000000000000000000000000000000000000000000000000000000000000000000000000000000000000000000000000000000                          0000000000                                                                  000003
10214161950000102000000900367033300010000000000000000000000000000000000000000032820000000000000000000000000902260919    DOC65400000000000000003282101019000000006000023704143  000000000000000000000000000000000000000000000000000000000000000000000000000000000000000000000000000000000000000000000                          7600000000                                                                  000004
10214161950000102000000900367033300010000000000000000000000000000000000000000032900000000000000000000000000902260919    DOC65500000000000000003290151019000000053300023704143  000000000000000000000000000000000000000000000000000000000000000000000000000000000000000000000000000000000000000000000                          7600000000                                                                  000005
10214161950000102000000900367033300010000000000000000000000000000000000000000033040000000000000000000000000902260919    DOC65600000000000000003304131019000000004716623704143  000000000000000000000000000000000000000000000000000000000000000000000000000000000000000000000000000000000000000000000                          7600000000                                                                  000006
10214161950000102000000900367033300010000000000000000000000000000000000000000033120000000000000000000000000902260919    DOC65700000000000000003312151019000000000800023700367  000000000000000000000000000000000000000000000000000000000000000000000000000000000000000000000000000000000000000000000                          0000000000                                                                  000007
10214161950000102000000900367033300010000000000000000000000000000000000000000033200000000000000000000000000902260919    DOC65800000000000000003320101019000000007768523700367  000000000000000000000000000000000000000000000000000000000000000000000000000000000000000000000000000000000000000000000                          0000000000                                                                  000008
10214161950000102000000900367033300010000000000000000000000000000000000000000033390000000000000000000000000902260919    DOC65900000000000000003339101019000000010639623700367  000000000000000000000000000000000000000000000000000000000000000000000000000000000000000000000000000000000000000000000                          7600000000                                                                  000009
10214161950000102000000900367033300010000000000000000000000000000000000000000033470000000000000000000000000902260919    DOC66000000000000000003347101019000000003359823700367  000000000000000000000000000000000000000000000000000000000000000000000000000000000000000000000000000000000000000000000                          0000000000                                                                  000010
10214161950000102000000900367033300010000000000000000000000000000000000000000033550000000000000000000000000902260919    DOC66100000000000000003355101019000000003563523704143  000000000000000000000000000000000000000000000000000000000000000000000000000000000000000000000000000000000000000000000                          0000000000                                                                  000011
10214161950000102000000900367033300010000000000000000000000000000000000000000033630000000000000000000000000902260919    DOC66200000000000000003363101019000000007114223704143  000000000000000000000000000000000000000000000000000000000000000000000000000000000000000000000000000000000000000000000                          0000000000                                                                  000012
10214161950000102000000900367033300010000000000000000000000000000000000000000033710000000000000000000000000902260919    DOC66300000000000000003371151019000000002750023704143  000000000000000000000000000000000000000000000000000000000000000000000000000000000000000000000000000000000000000000000                          7600000000                                                                  000013
102141619500001020000009003670333000100000000000000000000000000000000000000000338P0000000000000000000000000902260919    DOC6640000000000000000338P101019000000002787423704143  000000000000000000000000000000000000000000000000000000000000000000000000000000000000000000000000000000000000000000000                          0000000000                                                                  000014
10214161950000102000000900367033300010000000000000000000000000000000000000000033980000000000000000000000000902260919  DOC665-200000000000000003398201019000000014850023704143  000000000000000000000000000000000000000000000000000000000000000000000000000000000000000000000000000000000000000000000                          7600000000                                                                  000015
10214161950000102000000900367033300010000000000000000000000000000000000000000034010000000000000000000000000902260919  DOC665-100000000000000003401101019000000014850023704143  000000000000000000000000000000000000000000000000000000000000000000000000000000000000000000000000000000000000000000000                          7600000000                                                                  000016
102141619500001020000009003670333000100000000000000000000000000000000000000000341P0000000000000000000000000902260919    DOC6660000000000000000341P101019000000011957023704143  000000000000000000000000000000000000000000000000000000000000000000000000000000000000000000000000000000000000000000000                          7600000000                                                                  000017
10214161950000102000000900367033300010000000000000000000000000000000000000000034280000000000000000000000000902260919    DOC66700000000000000003428101019000000006803523704143  000000000000000000000000000000000000000000000000000000000000000000000000000000000000000000000000000000000000000000000                          7600000000                                                                  000018
10214161950000102000000900367033300010000000000000000000000000000000000000000034360000000000000000000000000902260919    DOC66800000000000000003436101019000000002799923704143  000000000000000000000000000000000000000000000000000000000000000000000000000000000000000000000000000000000000000000000                          7600000000                                                                  000019
10214161950000102000000900367033300010000000000000000000000000000000000000000034440000000000000000000000000902260919    DOC66900000000000000003444101019000000002750023704143  000000000000000000000000000000000000000000000000000000000000000000000000000000000000000000000000000000000000000000000                          0000000000                                                                  000020
10214161950000102000000900367033300010000000000000000000000000000000000000000034520000000000000000000000000902260919    DOC67000000000000000003452101019000000000560023704143  000000000000000000000000000000000000000000000000000000000000000000000000000000000000000000000000000000000000000000000                          0000000000                                                                  000021
10214161950000102000000900367033300010000000000000000000000000000000000000000034600000000000000000000000000902260919    DOC67100000000000000003460101019000000002799923704143  000000000000000000000000000000000000000000000000000000000000000000000000000000000000000000000000000000000000000000000                          0000000000                                                                  000022
10214161950000102000000900367033300010000000000000000000000000000000000000000034790000000000000000000000000902260919    DOC67200000000000000003479101019000000003000023704143  000000000000000000000000000000000000000000000000000000000000000000000000000000000000000000000000000000000000000000000                          0000000000                                                                  000023
10214161950000102000000900367033300010000000000000000000000000000000000000000034870000000000000000000000000902260919    DOC67300000000000000003487101019000000010494023704143  000000000000000000000000000000000000000000000000000000000000000000000000000000000000000000000000000000000000000000000                          0000000000                                                                  000024
10214161950000102000000900367033300010000000000000000000000000000000000000000034950000000000000000000000000902260919    DOC67400000000000000003495221019000000005599823704143  000000000000000000000000000000000000000000000000000000000000000000000000000000000000000000000000000000000000000000000                          7600000000                                                                  000025
10214161950000102000000900367033300010000000000000000000000000000000000000000035090000000000000000000000000902260919    DOC67500000000000000003509101019000000002500023704143  000000000000000000000000000000000000000000000000000000000000000000000000000000000000000000000000000000000000000000000                          7600000000                                                                  000026
10214161950000102000000900367033300010000000000000000000000000000000000000000035170000000000000000000000000902260919    DOC67600000000000000003517101019000000003850023704143  000000000000000000000000000000000000000000000000000000000000000000000000000000000000000000000000000000000000000000000                          0000000000                                                                  000027
10214161950000102000000900367033300010000000000000000000000000000000000000000035250000000000000000000000000902260919    DOC67700000000000000003525201019000000002943823704143  000000000000000000000000000000000000000000000000000000000000000000000000000000000000000000000000000000000000000000000                          0000000000                                                                  000028
10214161950000102000000900367033300010000000000000000000000000000000000000000035330000000000000000000000000902260919    DOC67800000000000000003533101019000000006600023704143  000000000000000000000000000000000000000000000000000000000000000000000000000000000000000000000000000000000000000000000                          0000000000                                                                  000029
10214161950000102000000900367033300010000000000000000000000000000000000000000035410000000000000000000000000902260919    DOC67900000000000000003541101019000000006600023704143  000000000000000000000000000000000000000000000000000000000000000000000000000000000000000000000000000000000000000000000                          0000000000                                                                  000030
102141619500001020000009003670333000100000000000000000000000000000000000000000355P0000000000000000000000000902260919    DOC6800000000000000000355P121019000000002750023704143  000000000000000000000000000000000000000000000000000000000000000000000000000000000000000000000000000000000000000000000                          0000000000                                                                  000031
10214161950000102000000900367033300010000000000000000000000000000000000000000035680000000000000000000000000902260919    DOC68100000000000000003568121019000000003850023704143  000000000000000000000000000000000000000000000000000000000000000000000000000000000000000000000000000000000000000000000                          0000000000                                                                  000032
10214161950000102000000900367033300010000000000000000000000000000000000000000035760000000000000000000000000902260919    DOC68200000000000000003576121019000000003850023704143  000000000000000000000000000000000000000000000000000000000000000000000000000000000000000000000000000000000000000000000                          0000000000                                                                  000033
10214161950000102000000900367033300010000000000000000000000000000000000000000035840000000000000000000000000902260919    DOC68300000000000000003584051019000000004180023704143  000000000000000000000000000000000000000000000000000000000000000000000000000000000000000000000000000000000000000000000                          0000000000                                                                  000034
10214161950000102000000900367033300010000000000000000000000000000000000000000035920000000000000000000000000902260919    DOC68400000000000000003592101019000000005312523704143  000000000000000000000000000000000000000000000000000000000000000000000000000000000000000000000000000000000000000000000                          7600000000                                                                  000035
10214161950000102000000900367033300010000000000000000000000000000000000000000036060000000000000000000000000902260919    DOC68500000000000000003606051019000000009900023704143  000000000000000000000000000000000000000000000000000000000000000000000000000000000000000000000000000000000000000000000                          7600000000                                                                  000036
10214161950000102000000900367033300010000000000000000000000000000000000000000036140000000000000000000000000902260919    DOC68600000000000000003614051019000000008160023704143  000000000000000000000000000000000000000000000000000000000000000000000000000000000000000000000000000000000000000000000                          0000000000                                                                  000037
10214161950000102000000900367033300010000000000000000000000000000000000000000036220000000000000000000000000902260919    DOC68700000000000000003622151019000000004400023704143  000000000000000000000000000000000000000000000000000000000000000000000000000000000000000000000000000000000000000000000                          7600000000                                                                  000038
10214161950000102000000900367033300010000000000000000000000000000000000000000036300000000000000000000000000902260919    DOC68800000000000000003630051019000000002200023704143  000000000000000000000000000000000000000000000000000000000000000000000000000000000000000000000000000000000000000000000                          0000000000                                                                  000039
10214161950000102000000900367033300010000000000000000000000000000000000000000036490000000000000000000000000902260919    DOC68900000000000000003649201019000000003000023704143  000000000000000000000000000000000000000000000000000000000000000000000000000000000000000000000000000000000000000000000                          0000000000                                                                  000040
10214161950000102000000900367033300010000000000000000000000000000000000000000036570000000000000000000000000902260919    DOC69100000000000000003657051019000000000800023704143  000000000000000000000000000000000000000000000000000000000000000000000000000000000000000000000000000000000000000000000                          0000000000                                                                  000041
10214161950000102000000900367033300010000000000000000000000000000000000000000036650000000000000000000000000902260919    DOC69200000000000000003665051019000000003500023704143  000000000000000000000000000000000000000000000000000000000000000000000000000000000000000000000000000000000000000000000                          0000000000                                                                  000042
10214161950000102000000900367033300010000000000000000000000000000000000000000036730000000000000000000000000902260919    DOC69300000000000000003673221019000000003500023704143  000000000000000000000000000000000000000000000000000000000000000000000000000000000000000000000000000000000000000000000                          0000000000                                                                  000043
10214161950000102000000900367033300010000000000000000000000000000000000000000036810000000000000000000000000902260919    DOC69400000000000000003681221019000000014000023704143  000000000000000000000000000000000000000000000000000000000000000000000000000000000000000000000000000000000000000000000                          7600000000                                                                  000044
102141619500001020000009003670333000100000000000000000000000000000000000000000369P0000000000000000000000000902260919    DOC6950000000000000000369P071019000000004600023704143  000000000000000000000000000000000000000000000000000000000000000000000000000000000000000000000000000000000000000000000                          0000000000                                                                  000045
10214161950000102000000900367033300010000000000000000000000000000000000000000037030000000000000000000000000902260919    DOC69600000000000000003703101019000000000450023704143  000000000000000000000000000000000000000000000000000000000000000000000000000000000000000000000000000000000000000000000                          0000000000                                                                  000046
10214161950000102000000900367033300010000000000000000000000000000000000000000037110000000000000000000000000902260919    DOC69700000000000000003711151019000000023500023704143  000000000000000000000000000000000000000000000000000000000000000000000000000000000000000000000000000000000000000000000                          0000000000                                                                  000047
102141619500001020000009003670333000100000000000000000000000000000000000000000372P0000000000000000000000000902260919    DOC6980000000000000000372P051019000000005000023704143  000000000000000000000000000000000000000000000000000000000000000000000000000000000000000000000000000000000000000000000                          0000000000                                                                  000048
10214161950000102000000900367033300010000000000000000000000000000000000000000037380000000000000000000000000902260919    DOC69900000000000000003738051019000000015000023704143  000000000000000000000000000000000000000000000000000000000000000000000000000000000000000000000000000000000000000000000                          7600000000                                                                  000049
10214161950000102000000900367033300010000000000000000000000000000000000000000037460000000000000000000000000902260919    DOC70000000000000000003746051019000000004000023704143  000000000000000000000000000000000000000000000000000000000000000000000000000000000000000000000000000000000000000000000                          7600000000                                                                  000050
10214161950000102000000900367033300010000000000000000000000000000000000000000037540000000000000000000000000902260919    DOC70100000000000000003754051019000000004900023704143  000000000000000000000000000000000000000000000000000000000000000000000000000000000000000000000000000000000000000000000                          7600000000                                                                  000051
10214161950000102000000900367033300010000000000000000000000000000000000000000037620000000000000000000000000902260919    DOC70200000000000000003762051019000000007500023704143  000000000000000000000000000000000000000000000000000000000000000000000000000000000000000000000000000000000000000000000                          0000000000                                                                  000052
10214161950000102000000900367033300010000000000000000000000000000000000000000037700000000000000000000000000902260919    DOC70300000000000000003770051019000000000600023704143  000000000000000000000000000000000000000000000000000000000000000000000000000000000000000000000000000000000000000000000                          7600000000                                                                  000053
10214161950000102000000900367033300010000000000000000000000000000000000000000037890000000000000000000000000902260919    DOC70400000000000000003789051019000000012000023704143  000000000000000000000000000000000000000000000000000000000000000000000000000000000000000000000000000000000000000000000                          7600000000                                                                  000054
10214161950000102000000900367033300010000000000000000000000000000000000000000037970000000000000000000000000902260919    DOC70500000000000000003797201019000000005247023704143  000000000000000000000000000000000000000000000000000000000000000000000000000000000000000000000000000000000000000000000                          0000000000                                                                  000055
10214161950000102000000900367033300010000000000000000000000000000000000000000038000000000000000000000000000902260919    DOC70600000000000000003800101019000000002500023704143  000000000000000000000000000000000000000000000000000000000000000000000000000000000000000000000000000000000000000000000                          0000000000                                                                  000056
10214161950000102000000900367033300010000000000000000000000000000000000000000038190000000000000000000000000902260919    DOC69000000000000000003819101019000000005247023704143  000000000000000000000000000000000000000000000000000000000000000000000000000000000000000000000000000000000000000000000                          0000000000                                                                  000057
9201237          000000740000000510771200000020          00056000004101780000000000000000000000000000000000000000000000000000000000000000000000000000000000000000000000000000000000000000000                                                                                                                                                                              00000000000000000000000         000058
