02RETORNO01COBRANCA       01155000490318000000PLANNER INTELIGENCIA CONTABIL 085COOPERATIVA DE 1709190000085                                          0115004                                                                                                                                                                                                                                              000001
70000000000000000011550004903180115004DOC565                   0049031800000023710000001   00000000000000 0106160919DOC565                        160919000000003850034165706011709190000184000000000000000000000000000000000000000000000000000000000000000000000000000000000000000000000000000000000000000000000000000003850000000000000000          000000000000000000000000000000000000000000000000  02000002
70000000000000000011550004903180115004DOC543                   0049031800000021510000001   00000000000000 0106160919DOC543                        160919000000004716608501015011709190000100000000000000000000000000000000000000000000000000000000000000000000000000000000000000000000000000000000000000000000000000000004716600000000000000          000000000000000000000000000000000000000000000000  02000003
70000000000000000011550004903180115004DOC565                   0049031800000023710000000   00000000000000 0114160919DOC565                        160919000000003850008501155010000000000100000000000000000000000000000000000000000000000000000000000000000000000000000000000000000000000000000000000000000000000000000000000000000000000000          000000000000000000000000000000000000000000000000  00000004
70000000000000000011550004903180115004DOC572                   0049031800000024410000000   00000000000000 0114160919DOC572                        170919000000003850008501155010000000000100000000000000000000000000000000000000000000000000000000000000000000000000000000000000000000000000000000000000000000000000000000000000000000000000          000000000000000000000000000000000000000000000000  00000005
70000000000000000011550004903180115004DOC543                   0049031800000021510000000   00000000000000 0114160919DOC543                        160919000000004716608501155010000000000100000000000000000000000000000000000000000000000000000000000000000000000000000000000000000000000000000000000000000000000000000000000000000000000000          000000000000000000000000000000000000000000000000  00000006
9201001          000000070000000053604000000000          000000000000000000000000000000          000000000000000000000000000000          000000000000000000000000000000                                                  000000000000000000000000000000                                                                                                                                                   000007
