02RETORNO01COBRANCA       01155000466581000000PLANNER CONTABILIDADE E AUDITO085COOPERATIVA DE 0509190000105                                          0115004                                                                                                                                                                                                                                              000001
70000000000000000011550004665810115004DOC5156                  0046658100000073210000001   00000000000000 0106040919DOC5156                       040919000000000800074859021010509190000184000000000000000000000000000000000000000000000000000000000000000000000000000000000000000000000000000000000000000000000000000000800000000000000000          000000000000000000000000000000000000000000000000  02000002
9201001          000000460000000304445500000000          000000000000000000000000000000          000000000000000000000000000000          000000000000000000000000000000                                                  000000000000000000000000000000                                                                                                                                                   000003
