02RETORNO01COBRANCA       01155000490318000000PLANNER INTELIGENCIA CONTABIL 085COOPERATIVA DE 2109190000086                                          0115004                                                                                                                                                                                                                                              000001
70000000000000000011550004903180115004DOC530                   0049031800000020210000090   00000000000000 0109200919DOC530                        220719000000016400008501155010000000000100000000000000000000000000000000000000000000000000000000000000000000000000000000000000000000000000000000000000000000000000000000000000000000000000          000000000000000000000000000000000000000000000000  00000002
9201001          000000060000000037204000000000          000000000000000000000000000000          000000000000000000000000000000          000000000000000000000000000000                                                  000000000000000000000000000000                                                                                                                                                   000003
