02RETORNO01COBRANCA       01155000466581000000PLANNER CONTABILIDADE E AUDITO085COOPERATIVA DE 1109190000106                                          0115004                                                                                                                                                                                                                                              000001
70000000000000000011550004665810115004DOC5071                  0046658100000064710000090   00000000000000 0109100919DOC5071                       120719000000006897008501155010000000000100000000000000000000000000000000000000000000000000000000000000000000000000000000000000000000000000000000000000000000000000000000000000000000000000          000000000000000000000000000000000000000000000000  00000002
70000000000000000011550004665810115004DOC5075                  0046658100000065110000090   00000000000000 0109100919DOC5075                       100719000000005486008501155010000000000100000000000000000000000000000000000000000000000000000000000000000000000000000000000000000000000000000000000000000000000000000000000000000000000000          000000000000000000000000000000000000000000000000  00000003
70000000000000000011550004665810115004DOC5078                  0046658100000065410000090   00000000000000 0109100919DOC5078                       100719000000003787508501155010000000000100000000000000000000000000000000000000000000000000000000000000000000000000000000000000000000000000000000000000000000000000000000000000000000000000          000000000000000000000000000000000000000000000000  00000004
70000000000000000011550004665810115004DOC5080                  0046658100000065610000090   00000000000000 0109100919DOC5080                       100719000000001009908501155010000000000100000000000000000000000000000000000000000000000000000000000000000000000000000000000000000000000000000000000000000000000000000000000000000000000000          000000000000000000000000000000000000000000000000  00000005
70000000000000000011550004665810115004DOC5132                  0046658100000070810000090   00000000000000 0109100919DOC5132                       100719000000002750008501155010000000000100000000000000000000000000000000000000000000000000000000000000000000000000000000000000000000000000000000000000000000000000000000000000000000000000          000000000000000000000000000000000000000000000000  00000006
9201001          000000410000000284515100000000          000000000000000000000000000000          000000000000000000000000000000          000000000000000000000000000000                                                  000000000000000000000000000000                                                                                                                                                   000007
