02RETORNO01COBRANCA       01155000466581000000PLANNER CONTABILIDADE E AUDITO085COOPERATIVA DE 2409190000108                                          0115004                                                                                                                                                                                                                                              000001
70000000000000000011550004665810115004DOC5337                  0046658100000091010000001   00000000000000 0106230919DOC5337                       050819000000009000008501155012409190000100000000000000000000000000000000000000000000000000000000000000000000000000000000000000000400500000000000000000000000000000000009400500000000000000          000000000000000000000000000000000000000000000000  02000002
9201001          000000350000000253986300000000          000000000000000000000000000000          000000000000000000000000000000          000000000000000000000000000000                                                  000000000000000000000000000000                                                                                                                                                   000003
