02RETORNO01COBRANCA       01155000466581000000PLANNER CONTABILIDADE E AUDITO085COOPERATIVA DE 2208190000096                                          0115004                                                                                                                                                                                                                                              000001
70000000000000000011550004665810115004DOC5081                  0046658100000065710000001   00000000000000 0106210819DOC5081                       200719000000010731308501155012208190000100000000000000000000000000000000000000000000000000000000000000000000000000000000000000000386300000000000000000000000000000000011117600000000000000          000000000000000000000000000000000000000000000000  02000002
70000000000000000011550004665810115004DOC5064                  0046658100000064010000001   00000000000000 0106210819DOC5064                       200719000000010731308501155012208190000184000000000000000000000000000000000000000000000000000000000000000000000000000000000000000386300000000000000000000000000000000011117600000000000000          000000000000000000000000000000000000000000000000  08000003
70000000000000000011550004665810115004DOC5082                  0046658100000065810000001   00000000000000 0106210819DOC5082                       200719000000001262508501155012208190000184000000000000000000000000000000000000000000000000000000000000000000000000000000000000000045400000000000000000000000000000000001307900000000000000          000000000000000000000000000000000000000000000000  08000004
9201001          000000670000000465186000000000          000000000000000000000000000000          000000000000000000000000000000          000000000000000000000000000000                                                  000000000000000000000000000000                                                                                                                                                   000005
