02RETORNO01COBRANCA       01155000490318000000PLANNER INTELIGENCIA CONTABIL 085COOPERATIVA DE 1409190000084                                          0115004                                                                                                                                                                                                                                              000001
70000000000000000011550004903180115004DOC591                   0049031800000026310000001   00000000000000 0106130919DOC591                        120919000000002600008501015011609190000100000000000000000000000000000000000000000000000000000000000000000000000000000000000000000053300000000000000000000000000000000002653300000000000000          000000000000000000000000000000000000000000000000  02000002
70000000000000000011550004903180115004DOC490                   0049031800000016110000090   00000000000000 0109130919DOC490                        150719000000000800008501155010000000000100000000000000000000000000000000000000000000000000000000000000000000000000000000000000000000000000000000000000000000000000000000000000000000000000          000000000000000000000000000000000000000000000000  00000003
9201001          000000090000000062170600000000          000000000000000000000000000000          000000000000000000000000000000          000000000000000000000000000000                                                  000000000000000000000000000000                                                                                                                                                   000004
