02RETORNO01COBRANCA       01155000490318000000PLANNER INTELIGENCIA CONTABIL 085COOPERATIVA DE 1109190000081                                          0115004                                                                                                                                                                                                                                              000001
70000000000000000011550004903180115004DOC503                   0049031800000017510000090   00000000000000 0109100919DOC503                        100719000000000560008501155010000000000100000000000000000000000000000000000000000000000000000000000000000000000000000000000000000000000000000000000000000000000000000000000000000000000000          000000000000000000000000000000000000000000000000  00000002
70000000000000000011550004903180115004DOC507                   0049031800000017910000090   00000000000000 0109100919DOC507                        100719000000010494008501155010000000000100000000000000000000000000000000000000000000000000000000000000000000000000000000000000000000000000000000000000000000000000000000000000000000000000          000000000000000000000000000000000000000000000000  00000003
9201001          000000110000000065570600000000          000000000000000000000000000000          000000000000000000000000000000          000000000000000000000000000000                                                  000000000000000000000000000000                                                                                                                                                   000004
