02RETORNO01COBRANCA       01155000490318000000PLANNER INTELIGENCIA CONTABIL 085COOPERATIVA DE 1309190000083                                          0115004                                                                                                                                                                                                                                              000001
70000000000000000011550004903180115004DOC592                   0049031800000026410000000   00000000000000 0114120919DOC592                        120919000000007500008501155010000000000100000000000000000000000000000000000000000000000000000000000000000000000000000000000000000000000000000000000000000000000000000000000000000000000000          000000000000000000000000000000000000000000000000  00000002
70000000000000000011550004903180115004DOC591                   0049031800000026310000000   00000000000000 0114120919DOC591                        120919000000002600008501155010000000000100000000000000000000000000000000000000000000000000000000000000000000000000000000000000000000000000000000000000000000000000000000000000000000000000          000000000000000000000000000000000000000000000000  00000003
9201001          000000100000000064770600000000          000000000000000000000000000000          000000000000000000000000000000          000000000000000000000000000000                                                  000000000000000000000000000000                                                                                                                                                   000004
