02RETORNO01COBRANCA       01155000490849000000PLANNER SOLUCOES EMPRESARIAIS 085COOPERATIVA DE 0709190000088                                          0115004                                                                                                                                                                                                                                              000001
70000000000000000011550004908490115004DOC1886                  0049084900000022210000001   00000000000000 0106060919DOC1886                       260819000000025000023769450010909190000184000000000000000000000000000000000000000000000000000000000000000000000000000000000000000637500000000000000000000000000000000025637500000000000000          000000000000000000000000000000000000000000000000  02000002
9201001          000000020000000048125000000000          000000000000000000000000000000          000000000000000000000000000000          000000000000000000000000000000                                                  000000000000000000000000000000                                                                                                                                                   000003
