02RETORNO01COBRANCA       01155000490849000000PLANNER SOLUCOES EMPRESARIAIS 085COOPERATIVA DE 0409190000087                                          0115004                                                                                                                                                                                                                                              000001
70000000000000000011550004908490115004DOC1898                  0049084900000023410000001   00000000000000 0106030919DOC1898                       260819000000025000008501155010409190000100000000000000000000000000000000000000000000000000000000000000000000000000000000000000000600000000000000000000000000000000000025600000000000000000          000000000000000000000000000000000000000000000000  02000002
70000000000000000011550004908490115004DOC1844                  0049084900000016810000090   00000000000000 0109030919DOC1844                       050719000000026000008501155010000000000100000000000000000000000000000000000000000000000000000000000000000000000000000000000000000000000000000000000000000000000000000000000000000000000000          000000000000000000000000000000000000000000000000  00000003
70000000000000000011550004908490115004DOC1856                  0049084900000018010000090   00000000000000 0109030919DOC1856                       050719000000003000008501155010000000000100000000000000000000000000000000000000000000000000000000000000000000000000000000000000000000000000000000000000000000000000000000000000000000000000          000000000000000000000000000000000000000000000000  00000004
9201001          000000030000000073125000000000          000000000000000000000000000000          000000000000000000000000000000          000000000000000000000000000000                                                  000000000000000000000000000000                                                                                                                                                   000005
