02RETORNO01COBRANCA       00000000000005167648PLANNER CONTABILIDADE E AUDITO237BRADESCO       2308190160000000005                                                                                                                                                                                                                                                                          260819         000001
10223506343000128000000900367033200060000000000000000000000000000000000000000435510000000000000000000000000906230819         400000000000000043551100919000000000100008500115  000000000000000000000000000000000000000000000000000000000000000000000000000000000000000100000000000000000000000000000   260819             00000000000000                                                                  000002
9201237          000000020000000000230000000005          00000000000000000000000001000000010000000010000000000000000000000000000000000000000000000000000000000000000000000000000000000000000                                                                                                                                                                              00000000000000000000000         000003
