02RETORNO01COBRANCA       01155000466581000000PLANNER CONTABILIDADE E AUDITO085COOPERATIVA DE 0307190000062                                          0115004                                                                                                                                                                                                                                              000001
70000000000000000011550004665810115004DOC5175                  0046658100000075110000001   00000000000000 0106020719DOC5175                       050719000000003000008501155010307190000100000000000000000000000000000000000000000000000000000000000000000000000000000000000000000000000000000000000000000000000000000003000000000000000000          000000000000000000000000000000000000000000000000  02000002
70000000000000000011550004665810115004DOC4959                  0046658100000055810000001   00000000000000 0106020719DOC4959                       150619000000022200023769450010307190000184000000000000000000000000000000000000000000000000000000000000000000000000000000000000000632700000000000000000000000000000000022832700000000000000          000000000000000000000000000000000000000000000000  02000003
70000000000000000011550004665810115004DOC5116                  0046658100000069210000001   00000000000000 0106020719DOC5116                       050719000000002000010404235010307190000184000000000000000000000000000000000000000000000000000000000000000000000000000000000000000000000000000000000000000000000000000002000000000000000000          000000000000000000000000000000000000000000000000  07000004
70000000000000000011550004665810115004DOC5063                  0046658100000063910000001   00000000000000 0106020719DOC5063                       050719000000015374900102763010307190000184000000000000000000000000000000000000000000000000000000000000000000000000000000000000000000000000000000000000000000000000000015374900000000000000          000000000000000000000000000000000000000000000000  02000005
70000000000000000011550004665810115004DOC5137                  0046658100000071310000001   00000000000000 0106020719DOC5137                       050719000000002750000102763010307190000184000000000000000000000000000000000000000000000000000000000000000000000000000000000000000000000000000000000000000000000000000002750000000000000000          000000000000000000000000000000000000000000000000  02000006
70000000000000000011550004665810115004DOC5044                  0046658100000062010000001   00000000000000 0106020719DOC5044                       050719000000005315800154062010307190000184000000000000000000000000000000000000000000000000000000000000000000000000000000000000000000000000000000000000000000000000000005315800000000000000          000000000000000000000000000000000000000000000000  02000007
70000000000000000011550004665810115004DOC5105                  0046658100000068110000000   00000000000000 0110020719DOC5105                       050719000000018910008501155010000000000100000000000000000000000000000000000000000000000000000000000000000000000000000000000000000000000000000000000000000000000000000000000000000000000000          000000000000000000000000000000000000000000000000  00000008
9201001          000002280000002494446200000000          000000000000000000000000000000          000000000000000000000000000000          000000000000000000000000000000                                                  000000000000000000000000000000                                                                                                                                                   000009
