02RETORNO01COBRANCA       01155000466581000000PLANNER CONTABILIDADE E AUDITO085COOPERATIVA DE 1107190000068                                          0115004                                                                                                                                                                                                                                              000001
70000000000000000011550004665810115004DOC5060                  0046658100000063610000001   00000000000000 0106100719DOC5060                       100719000000011109908501155011107190000100000000000000000000000000000000000000000000000000000000000000000000000000000000000000000000000000000000000000000000000000000011109900000000000000          000000000000000000000000000000000000000000000000  02000002
70000000000000000011550004665810115004DOC5159                  0046658100000073510000001   00000000000000 0106100719DOC5159                       100719000000015025508501155011107190000100000000000000000000000000000000000000000000000000000000000000000000000000000000000000000000000000000000000000000000000000000015025500000000000000          000000000000000000000000000000000000000000000000  02000003
70000000000000000011550004665810115004DOC5163                  0046658100000073910000001   00000000000000 0106100719DOC5163                       050719000000015950008501155011107190000100000000000000000000000000000000000000000000000000000000000000000000000000000000000000000358800000000000000000000000000000000016308800000000000000          000000000000000000000000000000000000000000000000  02000004
70000000000000000011550004665810115004DOC5162                  0046658100000073810000001   00000000000000 0106100719DOC5162                       100719000000009350008501155011107190000100000000000000000000000000000000000000000000000000000000000000000000000000000000000000000000000000000000000000000000000000000009350000000000000000          000000000000000000000000000000000000000000000000  02000005
70000000000000000011550004665810115004DOC5187                  0046658100000076310000001   00000000000000 0106100719DOC5187                       100719000000005000075630341011107190000184000000000000000000000000000000000000000000000000000000000000000000000000000000000000000000000000000000000000000000000000000005000000000000000000          000000000000000000000000000000000000000000000000  02000006
70000000000000000011550004665810115004DOC5041                  0046658100000061710000001   00000000000000 0106100719DOC5041                       100719000000011406075630341011107190000184000000000000000000000000000000000000000000000000000000000000000000000000000000000000000000000000000000000000000000000000000011406000000000000000          000000000000000000000000000000000000000000000000  02000007
70000000000000000011550004665810115004NFSE4848                 0046658100000044710000001   00000000000000 0106100719NFSE4848                      100719000000000850075603530011107190000184000000000000000000000000000000000000000000000000000000000000000000000000000000000000000000000000000000000000000000000000000000850000000000000000          000000000000000000000000000000000000000000000000  08000008
70000000000000000011550004665810115004DOC5052                  0046658100000062810000001   00000000000000 0106100719DOC5052                       100719000000016478075630341011107190000184000000000000000000000000000000000000000000000000000000000000000000000000000000000000000000000000000000000000000000000000000016478000000000000000          000000000000000000000000000000000000000000000000  02000009
70000000000000000011550004665810115004DOC5184                  0046658100000076010000001   00000000000000 0106100719DOC5184                       100719000000005000075673431011107190000184000000000000000000000000000000000000000000000000000000000000000000000000000000000000000000000000000000000000000000000000000005000000000000000000          000000000000000000000000000000000000000000000000  08000010
70000000000000000011550004665810115004DOC5190                  0046658100000076610000001   00000000000000 0106100719DOC5190                       100719000000010400075673431011107190000184000000000000000000000000000000000000000000000000000000000000000000000000000000000000000000000000000000000000000000000000000010400000000000000000          000000000000000000000000000000000000000000000000  08000011
70000000000000000011550004665810115004DOC5072                  0046658100000064810000001   00000000000000 0106100719DOC5072                       100719000000011109975630848011107190000184000000000000000000000000000000000000000000000000000000000000000000000000000000000000000000000000000000000000000000000000000011109900000000000000          000000000000000000000000000000000000000000000000  02000012
70000000000000000011550004665810115004DOC5093                  0046658100000066910000001   00000000000000 0106100719DOC5093                       100719000000005057803312572011107190000184000000000000000000000000000000000000000000000000000000000000000000000000000000000000000000000000000000000000000000000000000005057800000000000000          000000000000000000000000000000000000000000000000  02000013
70000000000000000011550004665810115004DOC5193                  0046658100000076910000001   00000000000000 0106100719DOC5193                       100719000000002000000140193011107190000184000000000000000000000000000000000000000000000000000000000000000000000000000000000000000000000000000000000000000000000000000002000000000000000000          000000000000000000000000000000000000000000000000  08000014
70000000000000000011550004665810115004DOC5049                  0046658100000062510000001   00000000000000 0106100719DOC5049                       100719000000001893810427758011107190000184000000000000000000000000000000000000000000000000000000000000000000000000000000000000000000000000000000000000000000000000000001893800000000000000          000000000000000000000000000000000000000000000000  07000015
70000000000000000011550004665810115004DOC5047                  0046658100000062310000001   00000000000000 0106100719DOC5047                       100719000000006312510427758011107190000184000000000000000000000000000000000000000000000000000000000000000000000000000000000000000000000000000000000000000000000000000006312500000000000000          000000000000000000000000000000000000000000000000  07000016
70000000000000000011550004665810115004DOC5134                  0046658100000071010000001   00000000000000 0106100719DOC5134                       100719000000001980075630341011107190000184000000000000000000000000000000000000000000000000000000000000000000000000000000000000000000000000000000000000000000000000000001980000000000000000          000000000000000000000000000000000000000000000000  02000017
70000000000000000011550004665810115004DOC4973                  0046658100000057210000001   00000000000000 0106100719DOC4973                       250619000000003850000102763011107190000184000000000000000000000000000000000000000000000000000000000000000000000000000000000000000105800000000000000000000000000000000003955800000000000000          000000000000000000000000000000000000000000000000  01000018
70000000000000000011550004665810115004DOC5046                  0046658100000062210000001   00000000000000 0106100719DOC5046                       100719000000038274900106963011107190000184000000000000000000000000000000000000000000000000000000000000000000000000000000000000000000000000000000000000000000000000000038274900000000000000          000000000000000000000000000000000000000000000000  02000019
70000000000000000011550004665810115004DOC5092                  0046658100000066810000001   00000000000000 0106100719DOC5092                       100719000000010494000125453011107190000184000000000000000000000000000000000000000000000000000000000000000000000000000000000000000000000000000000000000000000000000000010494000000000000000          000000000000000000000000000000000000000000000000  02000020
70000000000000000011550004665810115004DOC5084                  0046658100000066010000001   00000000000000 0106100719DOC5084                       100719000000011000000125453011107190000184000000000000000000000000000000000000000000000000000000000000000000000000000000000000000000000000000000000000000000000000000011000000000000000000          000000000000000000000000000000000000000000000000  02000021
70000000000000000011550004665810115004DOC5074                  0046658100000065010000001   00000000000000 0106100719DOC5074                       100719000000002124310404235011107190000184000000000000000000000000000000000000000000000000000000000000000000000000000000000000000000000000000000000000000000000000000002124300000000000000          000000000000000000000000000000000000000000000000  02000022
70000000000000000011550004665810115004DOC5158                  0046658100000073410000000   00000000000000 0110100719DOC5158                       100719000000003850008501155010000000000100000000000000000000000000000000000000000000000000000000000000000000000000000000000000000000000000000000000000000000000000000000000000000000000000          000000000000000000000000000000000000000000000000  00000023
70000000000000000011550004665810115004DOC5097                  0046658100000067310000000   00000000000000 0114100719DOC5097                       110719000000010609908501155010000000000100000000000000000000000000000000000000000000000000000000000000000000000000000000000000000000000000000000000000000000000000000000000000000000000000          000000000000000000000000000000000000000000000000  00000024
70000000000000000011550004665810115004DOC5098                  0046658100000067410000000   00000000000000 0114100719DOC5098                       110719000000010609908501155010000000000100000000000000000000000000000000000000000000000000000000000000000000000000000000000000000000000000000000000000000000000000000000000000000000000000          000000000000000000000000000000000000000000000000  00000025
9201001          000001050000001545681400000000          000000000000000000000000000000          000000000000000000000000000000          000000000000000000000000000000                                                  000000000000000000000000000000                                                                                                                                                   000026
