02RETORNO01COBRANCA       01155000466581000000PLANNER CONTABILIDADE E AUDITO085COOPERATIVA DE 2307190000076                                          0115004                                                                                                                                                                                                                                              000001
70000000000000000011550004665810115004DOC5069                  0046658100000064510000001   00000000000000 0106220719DOC5069                       200719000000005747500102763012307190000184000000000000000000000000000000000000000000000000000000000000000000000000000000000000000000000000000000000000000000000000000005747500000000000000          000000000000000000000000000000000000000000000000  05000002
70000000000000000011550004665810115004DOC4881                  0046658100000048010000000   00000000000000 0114220719DOC4881                       230719000000006897008501155010000000000100000000000000000000000000000000000000000000000000000000000000000000000000000000000000000000000000000000000000000000000000000000000000000000000000          000000000000000000000000000000000000000000000000  00000003
9201001          000000670000000372278800000000          000000000000000000000000000000          000000000000000000000000000000          000000000000000000000000000000                                                  000000000000000000000000000000                                                                                                                                                   000004
