02RETORNO01COBRANCA       01155000466581000000PLANNER CONTABILIDADE E AUDITO085COOPERATIVA DE 0808190000086                                          0115004                                                                                                                                                                                                                                              000001
70000000000000000011550004665810115004DOC5216                  0046658100000078910000001   00000000000000 0106070819DOC5216                       100819000000003669208501155010808190000100000000000000000000000000000000000000000000000000000000000000000000000000000000000000000000000000000000000000000000000000000003669200000000000000          000000000000000000000000000000000000000000000000  02000002
70000000000000000011550004665810115004DOC5324                  0046658100000089710000001   00000000000000 0106070819DOC5324                       050819000000004950008501155010808190000100000000000000000000000000000000000000000000000000000000000000000000000000000000000000000103900000000000000000000000000000000005053900000000000000          000000000000000000000000000000000000000000000000  02000003
70000000000000000011550004665810115004DOC5285                  0046658100000085810000001   00000000000000 0106070819DOC5285                       050819000000003300075630341010808190000184000000000000000000000000000000000000000000000000000000000000000000000000000000000000000069300000000000000000000000000000000003369300000000000000          000000000000000000000000000000000000000000000000  02000004
70000000000000000011550004665810115004DOC5321                  0046658100000089410000001   00000000000000 0106070819DOC5321                       100819000000002750013612068010808190000184000000000000000000000000000000000000000000000000000000000000000000000000000000000000000000000000000000000000000000000000000002750000000000000000          000000000000000000000000000000000000000000000000  08000005
70000000000000000011550004665810115004DOC5308                  0046658100000088110000001   00000000000000 0106070819DOC5308                       050819000000021700023769450010808190000184000000000000000000000000000000000000000000000000000000000000000000000000000000000000000455700000000000000000000000000000000022155700000000000000          000000000000000000000000000000000000000000000000  02000006
70000000000000000011550004665810115004DOC5263                  0046658100000083610000001   00000000000000 0106070819DOC5263                       100819000000005385403312572010808190000184000000000000000000000000000000000000000000000000000000000000000000000000000000000000000000000000000000000000000000000000000005385400000000000000          000000000000000000000000000000000000000000000000  02000007
70000000000000000011550004665810115004DOC5352                  0046658100000092510000001   00000000000000 0106070819DOC5352                       100819000000002000010430821010808190000184000000000000000000000000000000000000000000000000000000000000000000000000000000000000000000000000000000000000000000000000000002000000000000000000          000000000000000000000000000000000000000000000000  07000008
70000000000000000011550004665810115004DOC5051                  0046658100000062710000000   00000000000000 0114070819DOC5051                       080819000000016488208501155010000000000100000000000000000000000000000000000000000000000000000000000000000000000000000000000000000000000000000000000000000000000000000000000000000000000000          000000000000000000000000000000000000000000000000  00000009
70000000000000000011550004665810115004DOC5199                  0046658100000077510000000   00000000000000 0114070819DOC5199                       090819000000000800008501155010000000000100000000000000000000000000000000000000000000000000000000000000000000000000000000000000000000000000000000000000000000000000000000000000000000000000          000000000000000000000000000000000000000000000000  00000010
70000000000000000011550004665810115004DOC5359                  0046658100000093210000000   00000000000000 0114070819DOC5359                       090819000000000800008501155010000000000100000000000000000000000000000000000000000000000000000000000000000000000000000000000000000000000000000000000000000000000000000000000000000000000000          000000000000000000000000000000000000000000000000  00000011
9201001          000001300000000956661300000000          000000000000000000000000000000          000000000000000000000000000000          000000000000000000000000000000                                                  000000000000000000000000000000                                                                                                                                                   000012
