02RETORNO01COBRANCA       01155000490318000000PLANNER INTELIGENCIA CONTABIL 085COOPERATIVA DE 2308190000077                                          0115004                                                                                                                                                                                                                                              000001
70000000000000000011550004903180115004DOC562                   0049031800000023410000001   00000000000000 0106220819DOC562                        220819000000005599808501015012308190000100000000000000000000000000000000000000000000000000000000000000000000000000000000000000000000000000000000000000000000000000000005599800000000000000          000000000000000000000000000000000000000000000000  02000002
9201001          000000170000000087641200000000          000000000000000000000000000000          000000000000000000000000000000          000000000000000000000000000000                                                  000000000000000000000000000000                                                                                                                                                   000003
