02RETORNO01COBRANCA       01155000466581000000PLANNER CONTABILIDADE E AUDITO085COOPERATIVA DE 1508190000091                                          0115004                                                                                                                                                                                                                                              000001
70000000000000000011550004665810115004DOC5346                  0046658100000091910000001   00000000000000 0106140819DOC5346                       100819000000005000075630341011508190000184000000000000000000000000000000000000000000000000000000000000000000000000000000000000000110000000000000000000000000000000000005110000000000000000          000000000000000000000000000000000000000000000000  02000002
70000000000000000011550004665810115004DOC4899                  0046658100000049810000090   00000000000000 0109140819DOC4899                       150619000000002777508501155010000000000100000000000000000000000000000000000000000000000000000000000000000000000000000000000000000000000000000000000000000000000000000000000000000000000000          000000000000000000000000000000000000000000000000  00000003
70000000000000000011550004665810115004DOC4900                  0046658100000049910000090   00000000000000 0109140819DOC4900                       150619000000002777508501155010000000000100000000000000000000000000000000000000000000000000000000000000000000000000000000000000000000000000000000000000000000000000000000000000000000000000          000000000000000000000000000000000000000000000000  00000004
70000000000000000011550004665810115004DOC4912                  0046658100000051110000090   00000000000000 0109140819DOC4912                       150619000000002873808501155010000000000100000000000000000000000000000000000000000000000000000000000000000000000000000000000000000000000000000000000000000000000000000000000000000000000000          000000000000000000000000000000000000000000000000  00000005
70000000000000000011550004665810115004DOC4989                  0046658100000058810000090   00000000000000 0109140819DOC4989                       150619000000005500008501155010000000000100000000000000000000000000000000000000000000000000000000000000000000000000000000000000000000000000000000000000000000000000000000000000000000000000          000000000000000000000000000000000000000000000000  00000006
70000000000000000011550004665810115004DOC4993                  0046658100000059210000090   00000000000000 0109140819DOC4993                       150619000000006800008501155010000000000100000000000000000000000000000000000000000000000000000000000000000000000000000000000000000000000000000000000000000000000000000000000000000000000000          000000000000000000000000000000000000000000000000  00000007
9201001          000000840000000622228800000000          000000000000000000000000000000          000000000000000000000000000000          000000000000000000000000000000                                                  000000000000000000000000000000                                                                                                                                                   000008
