02RETORNO01COBRANCA       01155000490245000000PLANNER SERVICOS DE ADMINISTRA085COOPERATIVA DE 1608190000032                                          0115004                                                                                                                                                                                                                                              000001
70000000000000000011550004902450115004DOC318                   0049024500000252610000001   00000000000000 0106150819DOC318                        150819000000020000075630341011608190000184000000000000000000000000000000000000000000000000000000000000000000000000000000000000000000000000000000000000000000000000000020000000000000000000          000000000000000000000000000000000000000000000000  02000002
9201001          000000080000000188700000000000          000000000000000000000000000000          000000000000000000000000000000          000000000000000000000000000000                                                  000000000000000000000000000000                                                                                                                                                   000003
