02RETORNO01COBRANCA       01155000490245000000PLANNER SERVICOS DE ADMINISTRA085COOPERATIVA DE 2905190000014                                          0115004                                                                                                                                                                                                                                              000001
70000000000000000011550004902450115004NFSE304                  0049024500000002010000000   00000000000000 0102280519NFSE304                       240619000000027000008501155010000000000000000000000000000000000000000000000000000000000000000000000000000000000000000000000000000000000000000000000000000000000000000000000000000000000000          000000000000000000000000000000000000000000000000  00000002
70000000000000000011550004902450115004NFSE305                  0049024500000002110000050   00000000000000 0102280519NFSE305                       150619000000020000008501155010000000000000000000000000000000000000000000000000000000000000000000000000000000000000000000000000000000000000000000000000000000000000000000000000000000000000          000000000000000000000000000000000000000000000000  00000003
70000000000000000011550004902450115004NFSE306                  0049024500000002210000050   00000000000000 0102280519NFSE306                       050619000000005400008501155010000000000000000000000000000000000000000000000000000000000000000000000000000000000000000000000000000000000000000000000000000000000000000000000000000000000000          000000000000000000000000000000000000000000000000  00000004
70000000000000000011550004902450115004NFSE307                  0049024500000002310000000   00000000000000 0102280519NFSE307                       050619000000020000008501155010000000000000000000000000000000000000000000000000000000000000000000000000000000000000000000000000000000000000000000000000000000000000000000000000000000000000          000000000000000000000000000000000000000000000000  00000005
70000000000000000011550004902450115004NFSE308                  0049024500000002410000000   00000000000000 0102280519NFSE308                       250619000000020000008501155010000000000000000000000000000000000000000000000000000000000000000000000000000000000000000000000000000000000000000000000000000000000000000000000000000000000000          000000000000000000000000000000000000000000000000  00000006
70000000000000000011550004902450115004NFSE309                  0049024500000002510000000   00000000000000 0102280519NFSE309                       150619000000028800008501155010000000000000000000000000000000000000000000000000000000000000000000000000000000000000000000000000000000000000000000000000000000000000000000000000000000000000          000000000000000000000000000000000000000000000000  00000007
9201001          000000100000000182400000000000          000000000000000000000000000000          000000000000000000000000000000          000000000000000000000000000000                                                  000000000000000000000000000000                                                                                                                                                   000008
