02RETORNO01COBRANCA       01155000490318000000PLANNER INTELIGENCIA CONTABIL 085COOPERATIVA DE 1107190000053                                          0115004                                                                                                                                                                                                                                              000001
70000000000000000011550004903180115004DOC493                   0049031800000016410000001   00000000000000 0106100719DOC493                        100719000000003359823703816011107190000184000000000000000000000000000000000000000000000000000000000000000000000000000000000000000000000000000000000000000000000000000003359800000000000000          000000000000000000000000000000000000000000000000  02000002
70000000000000000011550004903180115004DOC526                   0049031800000019810000001   00000000000000 0106100719DOC526                        100719000000005247023721490011107190000184000000000000000000000000000000000000000000000000000000000000000000000000000000000000000000000000000000000000000000000000000005247000000000000000          000000000000000000000000000000000000000000000000  01000003
70000000000000000011550004903180115004DOC491                   0049031800000016210000001   00000000000000 0106100719DOC491                        100719000000007768523721490011107190000184000000000000000000000000000000000000000000000000000000000000000000000000000000000000000000000000000000000000000000000000000007768500000000000000          000000000000000000000000000000000000000000000000  01000004
70000000000000000011550004903180115004DOC532                   0049031800000020410000001   00000000000000 0106100719DOC532                        100719000000000450023729270011107190000184000000000000000000000000000000000000000000000000000000000000000000000000000000000000000000000000000000000000000000000000000000450000000000000000          000000000000000000000000000000000000000000000000  02000005
70000000000000000011550004903180115004DOC486                   0049031800000015710000001   00000000000000 0106100719DOC486                        100719000000042471023772818011107190000184000000000000000000000000000000000000000000000000000000000000000000000000000000000000000000000000000000000000000000000000000042471000000000000000          000000000000000000000000000000000000000000000000  02000006
70000000000000000011550004903180115004DOC492                   0049031800000016310000001   00000000000000 0106100719DOC492                        100719000000010639623703816011107190000184000000000000000000000000000000000000000000000000000000000000000000000000000000000000000000000000000000000000000000000000000010639600000000000000          000000000000000000000000000000000000000000000000  02000007
70000000000000000011550004903180115004DOC501                   0049031800000017310000001   00000000000000 0106100719DOC501                        100719000000002799974859145011107190000184000000000000000000000000000000000000000000000000000000000000000000000000000000000000000000000000000000000000000000000000000002799900000000000000          000000000000000000000000000000000000000000000000  02000008
70000000000000000011550004903180115004DOC494                   0049031800000016510000001   00000000000000 0106100719DOC494                        100719000000003563500106297011107190000184000000000000000000000000000000000000000000000000000000000000000000000000000000000000000000000000000000000000000000000000000003563500000000000000          000000000000000000000000000000000000000000000000  05000009
70000000000000000011550004903180115004DOC509                   0049031800000018110000001   00000000000000 0106100719DOC509                        100719000000002500000106297011107190000184000000000000000000000000000000000000000000000000000000000000000000000000000000000000000000000000000000000000000000000000000002500000000000000000          000000000000000000000000000000000000000000000000  02000010
70000000000000000011550004903180115004DOC485                   0049031800000015610000001   00000000000000 0106100719DOC485                        100719000000006042000106297011107190000184000000000000000000000000000000000000000000000000000000000000000000000000000000000000000000000000000000000000000000000000000006042000000000000000          000000000000000000000000000000000000000000000000  02000011
70000000000000000011550004903180115004DOC497                   0049031800000016810000001   00000000000000 0106100719DOC497                        100719000000002787410415440011107190000184000000000000000000000000000000000000000000000000000000000000000000000000000000000000000000000000000000000000000000000000000002787400000000000000          000000000000000000000000000000000000000000000000  02000012
70000000000000000011550004903180115004DOC520                   0049031800000019210000001   00000000000000 0106100719DOC520                        100719000000005312508501015011107190000100000000000000000000000000000000000000000000000000000000000000000000000000000000000000000000000000000000000000000000000000000005312500000000000000          000000000000000000000000000000000000000000000000  02000013
70000000000000000011550004903180115004DOC500                   0049031800000017210000001   00000000000000 0106100719DOC500                        100719000000006803508501015011107190000100000000000000000000000000000000000000000000000000000000000000000000000000000000000000000000000000000000000000000000000000000006803500000000000000          000000000000000000000000000000000000000000000000  02000014
70000000000000000011550004903180115004DOC487                   0049031800000015810000001   00000000000000 0106100719DOC487                        100719000000009666608501015011107190000100000000000000000000000000000000000000000000000000000000000000000000000000000000000000000000000000000000000000000000000000000009666600000000000000          000000000000000000000000000000000000000000000000  02000015
70000000000000000011550004903180115004DOC506                   0049031800000017810000001   00000000000000 0106100719DOC506                        100719000000006666608501015011107190000100000000000000000000000000000000000000000000000000000000000000000000000000000000000000000000000000000000000000000000000000000006666600000000000000          000000000000000000000000000000000000000000000000  02000016
70000000000000000011550004903180115004DOC523                   0049031800000019510000001   00000000000000 0106100719DOC523                        150719000000004400008501015011107190000100000000000000000000000000000000000000000000000000000000000000000000000000000000000000000000000000000000000000000000000000000004400000000000000000          000000000000000000000000000000000000000000000000  02000017
70000000000000000011550004903180115004DOC514                   0049031800000018610000001   00000000000000 0106100719DOC514                        100719000000006600008501015011107190000100000000000000000000000000000000000000000000000000000000000000000000000000000000000000000000000000000000000000000000000000000006600000000000000000          000000000000000000000000000000000000000000000000  02000018
70000000000000000011550004903180115004DOC513                   0049031800000018510000001   00000000000000 0106100719DOC513                        100719000000006600008501015011107190000100000000000000000000000000000000000000000000000000000000000000000000000000000000000000000000000000000000000000000000000000000006600000000000000000          000000000000000000000000000000000000000000000000  02000019
70000000000000000011550004903180115004DOC499                   0049031800000017110000001   00000000000000 0106100719DOC499                        100719000000011957008501015011107190000100000000000000000000000000000000000000000000000000000000000000000000000000000000000000000000000000000000000000000000000000000011957000000000000000          000000000000000000000000000000000000000000000000  02000020
70000000000000000011550004903180115004DOC505                   0049031800000017710000001   00000000000000 0106100719DOC505                        100719000000002799923772818011107190000184000000000000000000000000000000000000000000000000000000000000000000000000000000000000000000000000000000000000000000000000000002799900000000000000          000000000000000000000000000000000000000000000000  02000021
70000000000000000011550004903180115004DOC464                   0049031800000013510000000   00000000000000 0114100719DOC464                        110719000000002750008501155010000000000100000000000000000000000000000000000000000000000000000000000000000000000000000000000000000000000000000000000000000000000000000000000000000000000000          000000000000000000000000000000000000000000000000  00000022
9201001          000000310000000192979600000000          000000000000000000000000000000          000000000000000000000000000000          000000000000000000000000000000                                                  000000000000000000000000000000                                                                                                                                                   000023
