02RETORNO01COBRANCA       01155000490849000000PLANNER SOLUCOES EMPRESARIAIS 085COOPERATIVA DE 1008190000074                                          0115004                                                                                                                                                                                                                                              000001
70000000000000000011550004908490115004DOC1109                  0049084900000024610000001   00000000000000 0106090819DOC1109                       050819000000013286000102763011208190000184000000000000000000000000000000000000000000000000000000000000000000000000000000000000000292200000000000000000000000000000000013578200000000000000          000000000000000000000000000000000000000000000000  02000002
9201001          000000280000000602201400000000          000000000000000000000000000000          000000000000000000000000000000          000000000000000000000000000000                                                  000000000000000000000000000000                                                                                                                                                   000003
