02RETORNO01COBRANCA       01155000490849000000PLANNER SOLUCOES EMPRESARIAIS 085COOPERATIVA DE 2908190000084                                          0115004                                                                                                                                                                                                                                              000001
70000000000000000011550004908490115004DOC1892                  0049084900000022810000001   00000000000000 0106280819DOC1892                       280819000000025000034184832012908190000184000000000000000000000000000000000000000000000000000000000000000000000000000000000000000000000000000000000000000000000000000025000000000000000000          000000000000000000000000000000000000000000000000  02000002
9201001          000000080000000172375000000000          000000000000000000000000000000          000000000000000000000000000000          000000000000000000000000000000                                                  000000000000000000000000000000                                                                                                                                                   000003
