02RETORNO01COBRANCA       01155000490849000000PLANNER SOLUCOES EMPRESARIAIS 085COOPERATIVA DE 2607190000065                                          0115004                                                                                                                                                                                                                                              000001
70000000000000000011550004908490115004DOC1833                  0049084900000015710000001   00000000000000 0106250719DOC1833                       250719000000014075623703670012607190000184000000000000000000000000000000000000000000000000000000000000000000000000000000000000000000000000000000000000000000000000000014075600000000000000          000000000000000000000000000000000000000000000000  02000002
9201001          000000110000000223506400000000          000000000000000000000000000000          000000000000000000000000000000          000000000000000000000000000000                                                  000000000000000000000000000000                                                                                                                                                   000003
