02RETORNO01COBRANCA       01155000466581000000PLANNER CONTABILIDADE E AUDITO085COOPERATIVA DE 2206190000058                                          0115004                                                                                                                                                                                                                                              000001
70000000000000000011550004665810115004NFSE4594                 0046658100000021410000001   00000000000000 0106210619NFSE4594                      210619000000006897000154062012406190000184000000000000000000000000000000000000000000000000000000000000000000000000000000000000000000000000000000000000000000000000000006897000000000000000          000000000000000000000000000000000000000000000000  02000002
70000000000000000011550004665810115004NFSE4594                 0046658100000021410000000   00000000000000 0114210619NFSE4594                      210619000000006897008501155010000000000100000000000000000000000000000000000000000000000000000000000000000000000000000000000000000000000000000000000000000000000000000000000000000000000000          000000000000000000000000000000000000000000000000  00000003
9201001          000000820000000483172400000000          000000000000000000000000000000          000000000000000000000000000000          000000000000000000000000000000                                                  000000000000000000000000000000                                                                                                                                                   000004
