02RETORNO01COBRANCA       01155000490318000000PLANNER INTELIGENCIA CONTABIL 085COOPERATIVA DE 2706190000046                                          0115004                                                                                                                                                                                                                                              000001
70000000000000000011550004903180115004DOC485                   0049031800000015610000050   00000000000000 0102260619DOC485                        100719000000006042008501155010000000000000000000000000000000000000000000000000000000000000000000000000000000000000000000000000000000000000000000000000000000000000000000000000000000000000          000000000000000000000000000000000000000000000000  00000002
70000000000000000011550004903180115004DOC486                   0049031800000015710000000   00000000000000 0102260619DOC486                        100719000000042471008501155010000000000000000000000000000000000000000000000000000000000000000000000000000000000000000000000000000000000000000000000000000000000000000000000000000000000000          000000000000000000000000000000000000000000000000  00000003
70000000000000000011550004903180115004DOC487                   0049031800000015810000050   00000000000000 0102260619DOC487                        100719000000009666608501155010000000000000000000000000000000000000000000000000000000000000000000000000000000000000000000000000000000000000000000000000000000000000000000000000000000000000          000000000000000000000000000000000000000000000000  00000004
70000000000000000011550004903180115004DOC488                   0049031800000015910000050   00000000000000 0102260619DOC488                        150719000000003300008501155010000000000000000000000000000000000000000000000000000000000000000000000000000000000000000000000000000000000000000000000000000000000000000000000000000000000000          000000000000000000000000000000000000000000000000  00000005
70000000000000000011550004903180115004DOC489                   0049031800000016010000050   00000000000000 0102260619DOC489                        130719000000004716608501155010000000000000000000000000000000000000000000000000000000000000000000000000000000000000000000000000000000000000000000000000000000000000000000000000000000000000          000000000000000000000000000000000000000000000000  00000006
70000000000000000011550004903180115004DOC490                   0049031800000016110000000   00000000000000 0102260619DOC490                        150719000000000800008501155010000000000000000000000000000000000000000000000000000000000000000000000000000000000000000000000000000000000000000000000000000000000000000000000000000000000000          000000000000000000000000000000000000000000000000  00000007
70000000000000000011550004903180115004DOC491                   0049031800000016210000000   00000000000000 0102260619DOC491                        100719000000007768508501155010000000000000000000000000000000000000000000000000000000000000000000000000000000000000000000000000000000000000000000000000000000000000000000000000000000000000          000000000000000000000000000000000000000000000000  00000008
70000000000000000011550004903180115004DOC492                   0049031800000016310000050   00000000000000 0102260619DOC492                        100719000000010639608501155010000000000000000000000000000000000000000000000000000000000000000000000000000000000000000000000000000000000000000000000000000000000000000000000000000000000000          000000000000000000000000000000000000000000000000  00000009
70000000000000000011550004903180115004DOC493                   0049031800000016410000000   00000000000000 0102260619DOC493                        100719000000003359808501155010000000000000000000000000000000000000000000000000000000000000000000000000000000000000000000000000000000000000000000000000000000000000000000000000000000000000          000000000000000000000000000000000000000000000000  00000010
70000000000000000011550004903180115004DOC494                   0049031800000016510000000   00000000000000 0102260619DOC494                        100719000000003563508501155010000000000000000000000000000000000000000000000000000000000000000000000000000000000000000000000000000000000000000000000000000000000000000000000000000000000000          000000000000000000000000000000000000000000000000  00000011
70000000000000000011550004903180115004DOC495                   0049031800000016610000000   00000000000000 0102260619DOC495                        100719000000007114208501155010000000000000000000000000000000000000000000000000000000000000000000000000000000000000000000000000000000000000000000000000000000000000000000000000000000000000          000000000000000000000000000000000000000000000000  00000012
70000000000000000011550004903180115004DOC496                   0049031800000016710000050   00000000000000 0102260619DOC496                        150719000000002750008501155010000000000000000000000000000000000000000000000000000000000000000000000000000000000000000000000000000000000000000000000000000000000000000000000000000000000000          000000000000000000000000000000000000000000000000  00000013
70000000000000000011550004903180115004DOC497                   0049031800000016810000000   00000000000000 0102260619DOC497                        100719000000002787408501155010000000000000000000000000000000000000000000000000000000000000000000000000000000000000000000000000000000000000000000000000000000000000000000000000000000000000          000000000000000000000000000000000000000000000000  00000014
70000000000000000011550004903180115004DOC498-1                 0049031800000016910000050   00000000000000 0102260619DOC498-1                      100719000000014850008501155010000000000000000000000000000000000000000000000000000000000000000000000000000000000000000000000000000000000000000000000000000000000000000000000000000000000000          000000000000000000000000000000000000000000000000  00000015
70000000000000000011550004903180115004DOC498-2                 0049031800000017010000050   00000000000000 0102260619DOC498-2                      250719000000014850008501155010000000000000000000000000000000000000000000000000000000000000000000000000000000000000000000000000000000000000000000000000000000000000000000000000000000000000          000000000000000000000000000000000000000000000000  00000016
70000000000000000011550004903180115004DOC499                   0049031800000017110000050   00000000000000 0102260619DOC499                        100719000000011957008501155010000000000000000000000000000000000000000000000000000000000000000000000000000000000000000000000000000000000000000000000000000000000000000000000000000000000000          000000000000000000000000000000000000000000000000  00000017
70000000000000000011550004903180115004DOC500                   0049031800000017210000050   00000000000000 0102260619DOC500                        100719000000006803508501155010000000000000000000000000000000000000000000000000000000000000000000000000000000000000000000000000000000000000000000000000000000000000000000000000000000000000          000000000000000000000000000000000000000000000000  00000018
70000000000000000011550004903180115004DOC501                   0049031800000017310000050   00000000000000 0102260619DOC501                        100719000000002799908501155010000000000000000000000000000000000000000000000000000000000000000000000000000000000000000000000000000000000000000000000000000000000000000000000000000000000000          000000000000000000000000000000000000000000000000  00000019
70000000000000000011550004903180115004DOC502                   0049031800000017410000000   00000000000000 0102260619DOC502                        100719000000002750008501155010000000000000000000000000000000000000000000000000000000000000000000000000000000000000000000000000000000000000000000000000000000000000000000000000000000000000          000000000000000000000000000000000000000000000000  00000020
70000000000000000011550004903180115004DOC503                   0049031800000017510000000   00000000000000 0102260619DOC503                        100719000000000560008501155010000000000000000000000000000000000000000000000000000000000000000000000000000000000000000000000000000000000000000000000000000000000000000000000000000000000000          000000000000000000000000000000000000000000000000  00000021
70000000000000000011550004903180115004DOC504                   0049031800000017610000000   00000000000000 0102260619DOC504                        100719000000000560008501155010000000000000000000000000000000000000000000000000000000000000000000000000000000000000000000000000000000000000000000000000000000000000000000000000000000000000          000000000000000000000000000000000000000000000000  00000022
70000000000000000011550004903180115004DOC505                   0049031800000017710000000   00000000000000 0102260619DOC505                        100719000000002799908501155010000000000000000000000000000000000000000000000000000000000000000000000000000000000000000000000000000000000000000000000000000000000000000000000000000000000000          000000000000000000000000000000000000000000000000  00000023
70000000000000000011550004903180115004DOC506                   0049031800000017810000000   00000000000000 0102260619DOC506                        100719000000006666608501155010000000000000000000000000000000000000000000000000000000000000000000000000000000000000000000000000000000000000000000000000000000000000000000000000000000000000          000000000000000000000000000000000000000000000000  00000024
70000000000000000011550004903180115004DOC507                   0049031800000017910000000   00000000000000 0102260619DOC507                        100719000000010494008501155010000000000000000000000000000000000000000000000000000000000000000000000000000000000000000000000000000000000000000000000000000000000000000000000000000000000000          000000000000000000000000000000000000000000000000  00000025
70000000000000000011550004903180115004DOC509                   0049031800000018110000050   00000000000000 0102260619DOC509                        100719000000002500008501155010000000000000000000000000000000000000000000000000000000000000000000000000000000000000000000000000000000000000000000000000000000000000000000000000000000000000          000000000000000000000000000000000000000000000000  00000026
70000000000000000011550004903180115004DOC510                   0049031800000018210000000   00000000000000 0102260619DOC510                        100719000000002799908501155010000000000000000000000000000000000000000000000000000000000000000000000000000000000000000000000000000000000000000000000000000000000000000000000000000000000000          000000000000000000000000000000000000000000000000  00000027
70000000000000000011550004903180115004DOC511                   0049031800000018310000000   00000000000000 0102260619DOC511                        100719000000003850008501155010000000000000000000000000000000000000000000000000000000000000000000000000000000000000000000000000000000000000000000000000000000000000000000000000000000000000          000000000000000000000000000000000000000000000000  00000028
70000000000000000011550004903180115004DOC512                   0049031800000018410000000   00000000000000 0102260619DOC512                        200719000000002943808501155010000000000000000000000000000000000000000000000000000000000000000000000000000000000000000000000000000000000000000000000000000000000000000000000000000000000000          000000000000000000000000000000000000000000000000  00000029
70000000000000000011550004903180115004DOC513                   0049031800000018510000000   00000000000000 0102260619DOC513                        100719000000006600008501155010000000000000000000000000000000000000000000000000000000000000000000000000000000000000000000000000000000000000000000000000000000000000000000000000000000000000          000000000000000000000000000000000000000000000000  00000030
70000000000000000011550004903180115004DOC514                   0049031800000018610000000   00000000000000 0102260619DOC514                        100719000000006600008501155010000000000000000000000000000000000000000000000000000000000000000000000000000000000000000000000000000000000000000000000000000000000000000000000000000000000000          000000000000000000000000000000000000000000000000  00000031
70000000000000000011550004903180115004DOC515                   0049031800000018710000000   00000000000000 0102260619DOC515                        120719000000002750008501155010000000000000000000000000000000000000000000000000000000000000000000000000000000000000000000000000000000000000000000000000000000000000000000000000000000000000          000000000000000000000000000000000000000000000000  00000032
70000000000000000011550004903180115004DOC516                   0049031800000018810000000   00000000000000 0102260619DOC516                        120719000000003850008501155010000000000000000000000000000000000000000000000000000000000000000000000000000000000000000000000000000000000000000000000000000000000000000000000000000000000000          000000000000000000000000000000000000000000000000  00000033
70000000000000000011550004903180115004DOC517                   0049031800000018910000000   00000000000000 0102260619DOC517                        120719000000003850008501155010000000000000000000000000000000000000000000000000000000000000000000000000000000000000000000000000000000000000000000000000000000000000000000000000000000000000          000000000000000000000000000000000000000000000000  00000034
70000000000000000011550004903180115004DOC518                   0049031800000019010000000   00000000000000 0102260619DOC518                        120719000000003850008501155010000000000000000000000000000000000000000000000000000000000000000000000000000000000000000000000000000000000000000000000000000000000000000000000000000000000000          000000000000000000000000000000000000000000000000  00000035
70000000000000000011550004903180115004DOC519                   0049031800000019110000000   00000000000000 0102260619DOC519                        050719000000004180008501155010000000000000000000000000000000000000000000000000000000000000000000000000000000000000000000000000000000000000000000000000000000000000000000000000000000000000          000000000000000000000000000000000000000000000000  00000036
70000000000000000011550004903180115004DOC520                   0049031800000019210000000   00000000000000 0102260619DOC520                        100719000000005312508501155010000000000000000000000000000000000000000000000000000000000000000000000000000000000000000000000000000000000000000000000000000000000000000000000000000000000000          000000000000000000000000000000000000000000000000  00000037
70000000000000000011550004903180115004DOC521                   0049031800000019310000050   00000000000000 0102260619DOC521                        050719000000009900008501155010000000000000000000000000000000000000000000000000000000000000000000000000000000000000000000000000000000000000000000000000000000000000000000000000000000000000          000000000000000000000000000000000000000000000000  00000038
70000000000000000011550004903180115004DOC522                   0049031800000019410000000   00000000000000 0102260619DOC522                        050719000000008160008501155010000000000000000000000000000000000000000000000000000000000000000000000000000000000000000000000000000000000000000000000000000000000000000000000000000000000000          000000000000000000000000000000000000000000000000  00000039
70000000000000000011550004903180115004DOC523                   0049031800000019510000050   00000000000000 0102260619DOC523                        150719000000004400008501155010000000000000000000000000000000000000000000000000000000000000000000000000000000000000000000000000000000000000000000000000000000000000000000000000000000000000          000000000000000000000000000000000000000000000000  00000040
70000000000000000011550004903180115004DOC524                   0049031800000019610000000   00000000000000 0102260619DOC524                        050719000000002200008501155010000000000000000000000000000000000000000000000000000000000000000000000000000000000000000000000000000000000000000000000000000000000000000000000000000000000000          000000000000000000000000000000000000000000000000  00000041
70000000000000000011550004903180115004DOC525                   0049031800000019710000000   00000000000000 0102260619DOC525                        200719000000005247008501155010000000000000000000000000000000000000000000000000000000000000000000000000000000000000000000000000000000000000000000000000000000000000000000000000000000000000          000000000000000000000000000000000000000000000000  00000042
70000000000000000011550004903180115004DOC526                   0049031800000019810000000   00000000000000 0102260619DOC526                        100719000000005247008501155010000000000000000000000000000000000000000000000000000000000000000000000000000000000000000000000000000000000000000000000000000000000000000000000000000000000000          000000000000000000000000000000000000000000000000  00000043
70000000000000000011550004903180115004DOC527                   0049031800000019910000000   00000000000000 0102260619DOC527                        050719000000000800008501155010000000000000000000000000000000000000000000000000000000000000000000000000000000000000000000000000000000000000000000000000000000000000000000000000000000000000          000000000000000000000000000000000000000000000000  00000044
70000000000000000011550004903180115004DOC528                   0049031800000020010000000   00000000000000 0102260619DOC528                        050719000000003500008501155010000000000000000000000000000000000000000000000000000000000000000000000000000000000000000000000000000000000000000000000000000000000000000000000000000000000000          000000000000000000000000000000000000000000000000  00000045
70000000000000000011550004903180115004DOC529                   0049031800000020110000000   00000000000000 0102260619DOC529                        220719000000003500008501155010000000000000000000000000000000000000000000000000000000000000000000000000000000000000000000000000000000000000000000000000000000000000000000000000000000000000          000000000000000000000000000000000000000000000000  00000046
70000000000000000011550004903180115004DOC530                   0049031800000020210000050   00000000000000 0102260619DOC530                        220719000000016400008501155010000000000000000000000000000000000000000000000000000000000000000000000000000000000000000000000000000000000000000000000000000000000000000000000000000000000000          000000000000000000000000000000000000000000000000  00000047
70000000000000000011550004903180115004DOC531                   0049031800000020310000000   00000000000000 0102260619DOC531                        070719000000004600008501155010000000000000000000000000000000000000000000000000000000000000000000000000000000000000000000000000000000000000000000000000000000000000000000000000000000000000          000000000000000000000000000000000000000000000000  00000048
70000000000000000011550004903180115004DOC532                   0049031800000020410000000   00000000000000 0102260619DOC532                        100719000000000450008501155010000000000000000000000000000000000000000000000000000000000000000000000000000000000000000000000000000000000000000000000000000000000000000000000000000000000000          000000000000000000000000000000000000000000000000  00000049
70000000000000000011550004903180115004DOC533                   0049031800000020510000000   00000000000000 0102260619DOC533                        150719000000023500008501155010000000000000000000000000000000000000000000000000000000000000000000000000000000000000000000000000000000000000000000000000000000000000000000000000000000000000          000000000000000000000000000000000000000000000000  00000050
70000000000000000011550004903180115004DOC534                   0049031800000020610000000   00000000000000 0102260619DOC534                        050719000000005000008501155010000000000000000000000000000000000000000000000000000000000000000000000000000000000000000000000000000000000000000000000000000000000000000000000000000000000000          000000000000000000000000000000000000000000000000  00000051
70000000000000000011550004903180115004DOC535                   0049031800000020710000050   00000000000000 0102260619DOC535                        050719000000026000008501155010000000000000000000000000000000000000000000000000000000000000000000000000000000000000000000000000000000000000000000000000000000000000000000000000000000000000          000000000000000000000000000000000000000000000000  00000052
70000000000000000011550004903180115004DOC536                   0049031800000020810000050   00000000000000 0102260619DOC536                        050719000000004000008501155010000000000000000000000000000000000000000000000000000000000000000000000000000000000000000000000000000000000000000000000000000000000000000000000000000000000000          000000000000000000000000000000000000000000000000  00000053
70000000000000000011550004903180115004DOC537                   0049031800000020910000050   00000000000000 0102260619DOC537                        050719000000000500008501155010000000000000000000000000000000000000000000000000000000000000000000000000000000000000000000000000000000000000000000000000000000000000000000000000000000000000          000000000000000000000000000000000000000000000000  00000054
70000000000000000011550004903180115004DOC538                   0049031800000021010000000   00000000000000 0102260619DOC538                        050719000000009300008501155010000000000000000000000000000000000000000000000000000000000000000000000000000000000000000000000000000000000000000000000000000000000000000000000000000000000000          000000000000000000000000000000000000000000000000  00000055
70000000000000000011550004903180115004                         0049031800000018010000099   00000000000000 0103260619                              000000000000005599808501155990000000000000000000000000000000000000000000000000000000000000000000000000000000000000000000000000000000000000000000000000000000000000000000000000000000000000          000000000000000000000000000000000000000000000000  00000056
9201001          000000670000000456284900000000          000000000000000000000000000000          000000000000000000000000000000          000000000000000000000000000000                                                  000000000000000000000000000000                                                                                                                                                   000057
