02RETORNO01COBRANCA       01155000466581000000PLANNER CONTABILIDADE E AUDITO085COOPERATIVA DE 3008190000101                                          0115004                                                                                                                                                                                                                                              000001
70000000000000000011550004665810115004DOC5264                  0046658100000083710000001   00000000000000 0106290819DOC5264                       260819000000001724375630341013008190000184000000000000000000000000000000000000000000000000000000000000000000000000000000000000000036900000000000000000000000000000000001761200000000000000          000000000000000000000000000000000000000000000000  02000002
70000000000000000011550004665810115004DOC5307                  0046658100000088010000001   00000000000000 0106290819DOC5307                       290819000000002200010404235013008190000184000000000000000000000000000000000000000000000000000000000000000000000000000000000000000000000000000000000000000000000000000002200000000000000000          000000000000000000000000000000000000000000000000  02000003
9201001          000000610000000400093800000000          000000000000000000000000000000          000000000000000000000000000000          000000000000000000000000000000                                                  000000000000000000000000000000                                                                                                                                                   000004
