02RETORNO01COBRANCA       01155000490318000000PLANNER INTELIGENCIA CONTABIL 085COOPERATIVA DE 0607190000050                                          0115004                                                                                                                                                                                                                                              000001
70000000000000000011550004903180115004DOC524                   0049031800000019610000001   00000000000000 0106050719DOC524                        050719000000002200034165706010807190000184000000000000000000000000000000000000000000000000000000000000000000000000000000000000000000000000000000000000000000000000000002200000000000000000          000000000000000000000000000000000000000000000000  02000002
70000000000000000011550004903180115004DOC521                   0049031800000019310000001   00000000000000 0106050719DOC521                        050719000000009900034165706010807190000184000000000000000000000000000000000000000000000000000000000000000000000000000000000000000000000000000000000000000000000000000009900000000000000000          000000000000000000000000000000000000000000000000  02000003
70000000000000000011550004903180115004DOC531                   0049031800000020310000001   00000000000000 0106050719DOC531                        070719000000004600023703816010807190000184000000000000000000000000000000000000000000000000000000000000000000000000000000000000000000000000000000000000000000000000000004600000000000000000          000000000000000000000000000000000000000000000000  02000004
70000000000000000011550004903180115004DOC504                   0049031800000017610000001   00000000000000 0106050719DOC504                        100719000000000560008501015010807190000100000000000000000000000000000000000000000000000000000000000000000000000000000000000000000000000000000000000000000000000000000000560000000000000000          000000000000000000000000000000000000000000000000  02000005
70000000000000000011550004903180115004DOC528                   0049031800000020010000001   00000000000000 0106050719DOC528                        050719000000003500008501015010807190000100000000000000000000000000000000000000000000000000000000000000000000000000000000000000000000000000000000000000000000000000000003500000000000000000          000000000000000000000000000000000000000000000000  02000006
70000000000000000011550004903180115004DOC519                   0049031800000019110000001   00000000000000 0106050719DOC519                        050719000000004180008501015010807190000100000000000000000000000000000000000000000000000000000000000000000000000000000000000000000000000000000000000000000000000000000004180000000000000000          000000000000000000000000000000000000000000000000  02000007
70000000000000000011550004903180115004DOC536                   0049031800000020810000001   00000000000000 0106050719DOC536                        050719000000004000008501015010807190000100000000000000000000000000000000000000000000000000000000000000000000000000000000000000000000000000000000000000000000000000000004000000000000000000          000000000000000000000000000000000000000000000000  02000008
70000000000000000011550004903180115004DOC535                   0049031800000020710000001   00000000000000 0106050719DOC535                        050719000000026000000109288010807190000184000000000000000000000000000000000000000000000000000000000000000000000000000000000000000000000000000000000000000000000000000026000000000000000000          000000000000000000000000000000000000000000000000  02000009
9201001          000000560000000373618300000000          000000000000000000000000000000          000000000000000000000000000000          000000000000000000000000000000                                                  000000000000000000000000000000                                                                                                                                                   000010
