02RETORNO01COBRANCA       01155000466581000000PLANNER CONTABILIDADE E AUDITO085COOPERATIVA DE 1207190000069                                          0115004                                                                                                                                                                                                                                              000001
70000000000000000011550004665810115004DOC5097                  0046658100000067310000001   00000000000000 0106110719DOC5097                       110719000000010609923769450011207190000184000000000000000000000000000000000000000000000000000000000000000000000000000000000000000000000000000000000000000000000000000010609900000000000000          000000000000000000000000000000000000000000000000  08000002
70000000000000000011550004665810115004DOC5098                  0046658100000067410000001   00000000000000 0106110719DOC5098                       110719000000010609923769450011207190000184000000000000000000000000000000000000000000000000000000000000000000000000000000000000000000000000000000000000000000000000000010609900000000000000          000000000000000000000000000000000000000000000000  02000003
70000000000000000011550004665810115004DOC5108                  0046658100000068410000000   00000000000000 0110110719DOC5108                       120719000000002299008501155010000000000100000000000000000000000000000000000000000000000000000000000000000000000000000000000000000000000000000000000000000000000000000000000000000000000000          000000000000000000000000000000000000000000000000  00000004
9201001          000001020000001522162600000000          000000000000000000000000000000          000000000000000000000000000000          000000000000000000000000000000                                                  000000000000000000000000000000                                                                                                                                                   000005
