02RETORNO01COBRANCA       01155000490318000000PLANNER INTELIGENCIA CONTABIL 085COOPERATIVA DE 1106190000036                                          0115004                                                                                                                                                                                                                                              000001
70000000000000000011550004903180115004DOC451                   0049031800000012210000001   00000000000000 0106100619DOC451                        100619000000002750075630341011106190000184000000000000000000000000000000000000000000000000000000000000000000000000000000000000000000000000000000000000000000000000000002750000000000000000          000000000000000000000000000000000000000000000000  02000002
70000000000000000011550004903180115004DOC450                   0049031800000012110000001   00000000000000 0106100619DOC450                        100619000000002799974859145011106190000184000000000000000000000000000000000000000000000000000000000000000000000000000000000000000000000000000000000000000000000000000002799900000000000000          000000000000000000000000000000000000000000000000  02000003
70000000000000000011550004903180115004DOC439                   0049031800000010910000001   00000000000000 0106100619DOC439                        100619000000007768523721490011106190000184000000000000000000000000000000000000000000000000000000000000000000000000000000000000000000000000000000000000000000000000000007768500000000000000          000000000000000000000000000000000000000000000000  01000004
70000000000000000011550004903180115004DOC434                   0049031800000010410000001   00000000000000 0106100619DOC434                        100619000000042444623772818011106190000184000000000000000000000000000000000000000000000000000000000000000000000000000000000000000000000000000000000000000000000000000042444600000000000000          000000000000000000000000000000000000000000000000  02000005
70000000000000000011550004903180115004DOC472                   0049031800000014310000001   00000000000000 0106100619DOC472                        150619000000004400023703816011106190000184000000000000000000000000000000000000000000000000000000000000000000000000000000000000000000000000000000000000000000000000000004400000000000000000          000000000000000000000000000000000000000000000000  02000006
70000000000000000011550004903180115004DOC442                   0049031800000011210000001   00000000000000 0106100619DOC442                        100619000000003563500106297011106190000184000000000000000000000000000000000000000000000000000000000000000000000000000000000000000000000000000000000000000000000000000003563500000000000000          000000000000000000000000000000000000000000000000  05000007
70000000000000000011550004903180115004DOC458                   0049031800000012910000001   00000000000000 0106100619DOC458                        100619000000002500000106297011106190000184000000000000000000000000000000000000000000000000000000000000000000000000000000000000000000000000000000000000000000000000000002500000000000000000          000000000000000000000000000000000000000000000000  02000008
70000000000000000011550004903180115004DOC433                   0049031800000010310000001   00000000000000 0106100619DOC433                        100619000000006026400106297011106190000184000000000000000000000000000000000000000000000000000000000000000000000000000000000000000000000000000000000000000000000000000006026400000000000000          000000000000000000000000000000000000000000000000  02000009
70000000000000000011550004903180115004DOC445                   0049031800000011510000001   00000000000000 0106100619DOC445                        100619000000002787410415440011106190000184000000000000000000000000000000000000000000000000000000000000000000000000000000000000000000000000000000000000000000000000000002787400000000000000          000000000000000000000000000000000000000000000000  02000010
70000000000000000011550004903180115004DOC465                   0049031800000013610000001   00000000000000 0106100619DOC465                        120619000000006600010416373011106190000184000000000000000000000000000000000000000000000000000000000000079910000000000000000000000000000000000000000000000000000000000005800900000000000000          000000000000000000000000000000000000000000000000  02000011
70000000000000000011550004903180115004DOC459                   0049031800000013010000001   00000000000000 0106100619DOC459                        100619000000002799908501015011106190000100000000000000000000000000000000000000000000000000000000000000000000000000000000000000000000000000000000000000000000000000000002799900000000000000          000000000000000000000000000000000000000000000000  02000012
70000000000000000011550004903180115004DOC448                   0049031800000011910000001   00000000000000 0106100619DOC448                        100619000000006803508501015011106190000100000000000000000000000000000000000000000000000000000000000000000000000000000000000000000000000000000000000000000000000000000006803500000000000000          000000000000000000000000000000000000000000000000  02000013
70000000000000000011550004903180115004DOC443                   0049031800000011310000001   00000000000000 0106100619DOC443                        100619000000007114208501015011106190000100000000000000000000000000000000000000000000000000000000000000000000000000000000000000000000000000000000000000000000000000000007114200000000000000          000000000000000000000000000000000000000000000000  02000014
70000000000000000011550004903180115004DOC435                   0049031800000010510000001   00000000000000 0106100619DOC435                        100619000000006000008501015011106190000100000000000000000000000000000000000000000000000000000000000000000000000000000000000000000000000000000000000000000000000000000006000000000000000000          000000000000000000000000000000000000000000000000  02000015
70000000000000000011550004903180115004DOC455                   0049031800000012610000001   00000000000000 0106100619DOC455                        100619000000003000008501015011106190000100000000000000000000000000000000000000000000000000000000000000000000000000000000000000000000000000000000000000000000000000000003000000000000000000          000000000000000000000000000000000000000000000000  02000016
70000000000000000011550004903180115004DOC463                   0049031800000013410000001   00000000000000 0106100619DOC463                        100619000000006600008501015011106190000100000000000000000000000000000000000000000000000000000000000000000000000000000000000000000000000000000000000000000000000000000006600000000000000000          000000000000000000000000000000000000000000000000  02000017
70000000000000000011550004903180115004DOC462                   0049031800000013310000001   00000000000000 0106100619DOC462                        100619000000006600008501015011106190000100000000000000000000000000000000000000000000000000000000000000000000000000000000000000000000000000000000000000000000000000000006600000000000000000          000000000000000000000000000000000000000000000000  02000018
70000000000000000011550004903180115004DOC454                   0049031800000012510000001   00000000000000 0106100619DOC454                        100619000000002799908501015011106190000100000000000000000000000000000000000000000000000000000000000000000000000000000000000000000000000000000000000000000000000000000002799900000000000000          000000000000000000000000000000000000000000000000  02000019
70000000000000000011550004903180115004DOC447                   0049031800000011810000001   00000000000000 0106100619DOC447                        100619000000036957008501015011106190000100000000000000000000000000000000000000000000000000000000000000000000000000000000000000000000000000000000000000000000000000000036957000000000000000          000000000000000000000000000000000000000000000000  02000020
9201001          000000290000000202144600000000          000000000000000000000000000000          000000000000000000000000000000          000000000000000000000000000000                                                  000000000000000000000000000000                                                                                                                                                   000021
