02RETORNO01COBRANCA       01155000466581000000PLANNER CONTABILIDADE E AUDITO085COOPERATIVA DE 0806190000049                                          0115004                                                                                                                                                                                                                                              000001
70000000000000000011550004665810115004DOC4961                  0046658100000056010000001   00000000000000 0106070619DOC4961                       050619000000016500023769450011006190000184000000000000000000000000000000000000000000000000000000000000000000000000000000000000000346500000000000000000000000000000000016846500000000000000          000000000000000000000000000000000000000000000000  02000002
9201001          000001530000002067731800000000          000000000000000000000000000000          000000000000000000000000000000          000000000000000000000000000000                                                  000000000000000000000000000000                                                                                                                                                   000003
