02RETORNO01COBRANCA       01155000490318000000PLANNER INTELIGENCIA CONTABIL 085COOPERATIVA DE 2007190000059                                          0115004                                                                                                                                                                                                                                              000001
70000000000000000011550004903180115004DOC495                   0049031800000016610000001   00000000000000 0106190719DOC495                        190719000000007114208501015012207190000100000000000000000000000000000000000000000000000000000000000000000000000000000000000000000000000000000000000000000000000000000007114200000000000000          000000000000000000000000000000000000000000000000  02000002
9201001          000000180000000127718400000000          000000000000000000000000000000          000000000000000000000000000000          000000000000000000000000000000                                                  000000000000000000000000000000                                                                                                                                                   000003
