02RETORNO01COBRANCA       01155000490318000000PLANNER INTELIGENCIA CONTABIL 085COOPERATIVA DE 1207190000054                                          0115004                                                                                                                                                                                                                                              000001
70000000000000000011550004903180115004DOC502                   0049031800000017410000001   00000000000000 0106110719DOC502                        110719000000002750075630341011207190000184000000000000000000000000000000000000000000000000000000000000000000000000000000000000000000000000000000000000000000000000000002750000000000000000          000000000000000000000000000000000000000000000000  02000002
70000000000000000011550004903180115004DOC464                   0049031800000013510000001   00000000000000 0106110719DOC464                        110719000000002750008501015011207190000100000000000000000000000000000000000000000000000000000000000000000000000000000000000000000000000000000000000000000000000000000002750000000000000000          000000000000000000000000000000000000000000000000  02000003
70000000000000000011550004903180115004DOC515                   0049031800000018710000001   00000000000000 0106110719DOC515                        120719000000002750008501015011207190000100000000000000000000000000000000000000000000000000000000000000000000000000000000000000000000000000000000000000000000000000000002750000000000000000          000000000000000000000000000000000000000000000000  02000004
70000000000000000011550004903180115004DOC502                   0049031800000017410000000   00000000000000 0114110719DOC502                        110719000000002750008501155010000000000100000000000000000000000000000000000000000000000000000000000000000000000000000000000000000000000000000000000000000000000000000000000000000000000000          000000000000000000000000000000000000000000000000  00000005
70000000000000000011550004903180115004DOC495                   0049031800000016610000000   00000000000000 0114110719DOC495                        190719000000007114208501155010000000000100000000000000000000000000000000000000000000000000000000000000000000000000000000000000000000000000000000000000000000000000000000000000000000000000          000000000000000000000000000000000000000000000000  00000006
9201001          000000280000000184729600000000          000000000000000000000000000000          000000000000000000000000000000          000000000000000000000000000000                                                  000000000000000000000000000000                                                                                                                                                   000007
