02RETORNO01COBRANCA       01155000490318000000PLANNER INTELIGENCIA CONTABIL 085COOPERATIVA DE 1806190000041                                          0115004                                                                                                                                                                                                                                              000001
70000000000000000011550004903180115004DOC481                   0049031800000015210000001   00000000000000 0106170619DOC481                        150619000000023500004105150011806190000184000000000000000000000000000000000000000000000000000000000000000000000000000000000000000000000000000000000000000000000000000023500000000000000000          000000000000000000000000000000000000000000000000  02000002
70000000000000000011550004903180115004DOC468                   0049031800000013910000000   00000000000000 0114170619DOC468                        180619000000004180008501155010000000000100000000000000000000000000000000000000000000000000000000000000000000000000000000000000000000000000000000000000000000000000000000000000000000000000          000000000000000000000000000000000000000000000000  00000003
9201001          000000200000000146245200000000          000000000000000000000000000000          000000000000000000000000000000          000000000000000000000000000000                                                  000000000000000000000000000000                                                                                                                                                   000004
