02RETORNO01COBRANCA       01155000466581000000PLANNER CONTABILIDADE E AUDITO085COOPERATIVA DE 2408190000097                                          0115004                                                                                                                                                                                                                                              000001
70000000000000000011550004665810115004DOC5226                  0046658100000079910000001   00000000000000 0106230819DOC5226                       150819000000004156375630341012608190000184000000000000000000000000000000000000000000000000000000000000000000000000000000000000000099700000000000000000000000000000000004256000000000000000          000000000000000000000000000000000000000000000000  02000002
70000000000000000011550004665810115004DOC5306                  0046658100000087910000000   00000000000000 0114230819DOC5306                       280819000000022150008501155010000000000100000000000000000000000000000000000000000000000000000000000000000000000000000000000000000000000000000000000000000000000000000000000000000000000000          000000000000000000000000000000000000000000000000  00000003
70000000000000000011550004665810115004DOC5234                  0046658100000080710000000   00000000000000 0114230819DOC5234                       260819000000025342908501155010000000000100000000000000000000000000000000000000000000000000000000000000000000000000000000000000000000000000000000000000000000000000000000000000000000000000          000000000000000000000000000000000000000000000000  00000004
70000000000000000011550004665810115004DOC5264                  0046658100000083710000000   00000000000000 0114230819DOC5264                       260819000000001724308501155010000000000100000000000000000000000000000000000000000000000000000000000000000000000000000000000000000000000000000000000000000000000000000000000000000000000000          000000000000000000000000000000000000000000000000  00000005
70000000000000000011550004665810115004DOC5357                  0046658100000093010000000   00000000000000 0114230819DOC5357                       260819000000030000008501155010000000000100000000000000000000000000000000000000000000000000000000000000000000000000000000000000000000000000000000000000000000000000000000000000000000000000          000000000000000000000000000000000000000000000000  00000006
9201001          000000660000000461029700000000          000000000000000000000000000000          000000000000000000000000000000          000000000000000000000000000000                                                  000000000000000000000000000000                                                                                                                                                   000007
