02RETORNO01COBRANCA       01155000490318000000PLANNER INTELIGENCIA CONTABIL 085COOPERATIVA DE 0506190000032                                          0115004                                                                                                                                                                                                                                              000001
70000000000000000011550004903180115004DOC471                   0049031800000014210000001   00000000000000 0106040619DOC471                        050619000000008160008511142010506190000184000000000000000000000000000000000000000000000000000000000000000000000000000000000000000000000000000000000000000000000000000008160000000000000000          000000000000000000000000000000000000000000000000  08000002
9201001          000000620000000444135900000000          000000000000000000000000000000          000000000000000000000000000000          000000000000000000000000000000                                                  000000000000000000000000000000                                                                                                                                                   000003
