02RETORNO01COBRANCA       01155000490849000000PLANNER SOLUCOES EMPRESARIAIS 085COOPERATIVA DE 0907190000057                                          0115004                                                                                                                                                                                                                                              000001
70000000000000000011550004908490115004DOC1092                  0049084900000019810000001   00000000000000 0106080719DOC1092                       050719000000016940608511649010907190000184000000000000000000000000000000000000000000000000000000000000000000000000000000000000000364200000000000000000000000000000000016940600000000000000          000000000000000000000000000000000000000000000000  08000002
70000000000000000011550004908490115004DOC1090                  0049084900000019610000001   00000000000000 0106080719DOC1090                       050719000000013286000102763010907190000184000000000000000000000000000000000000000000000000000000000000000000000000000000000000000285600000000000000000000000000000000013571600000000000000          000000000000000000000000000000000000000000000000  02000003
70000000000000000011550004908490115004DOC1852                  0049084900000017610000001   00000000000000 0106080719DOC1852                       150719000000045000000134207010907190000184000000000000000000000000000000000000000000000000000000000000000000000000000000000000000000000000000000000000000000000000000045000000000000000000          000000000000000000000000000000000000000000000000  02000004
70000000000000000011550004908490115004DOC1824                  0049084900000014910000001   00000000000000 0106080719DOC1824                       250619000000003000008501015010907190000100000000000000000000000000000000000000000000000000000000000000000000000000000000000000000079500000000000000000000000000000000003079500000000000000          000000000000000000000000000000000000000000000000  02000005
9201001          000000250000000462803300000000          000000000000000000000000000000          000000000000000000000000000000          000000000000000000000000000000                                                  000000000000000000000000000000                                                                                                                                                   000006
