02RETORNO01COBRANCA       01155000490318000000PLANNER INTELIGENCIA CONTABIL 085COOPERATIVA DE 2905190000029                                          0115004                                                                                                                                                                                                                                              000001
70000000000000000011550004903180115004NFSE336                  0049031800000000710000001   00000000000000 0106280519NFSE336                       280519000000003300008501015012905190000100000000000000000000000000000000000000000000000000000000000000000000000000000000000000000000000000000000000000000000000000000003300000000000000000          000000000000000000000000000000000000000000000000  02000002
9201001          000000110000000064958000000000          000000000000000000000000000000          000000000000000000000000000000          000000000000000000000000000000                                                  000000000000000000000000000000                                                                                                                                                   000003
