02RETORNO01COBRANCA       01155000490849000000PLANNER SOLUCOES EMPRESARIAIS 085COOPERATIVA DE 2008190000078                                          0115004                                                                                                                                                                                                                                              000001
70000000000000000011550004908490115004DOC1888                  0049084900000022410000001   00000000000000 0106190819DOC1888                       180819000000026000075630848012008190000184000000000000000000000000000000000000000000000000000000000000000000000000000000000000000000000000000000000000000000000000000026000000000000000000          000000000000000000000000000000000000000000000000  02000002
70000000000000000011550004908490115004DOC1880                  0049084900000021610000001   00000000000000 0106190819DOC1880                       180819000000027000000106297012008190000184000000000000000000000000000000000000000000000000000000000000000000000000000000000000000000000000000000000000000000000000000027000000000000000000          000000000000000000000000000000000000000000000000  02000003
9201001          000000160000000338688500000000          000000000000000000000000000000          000000000000000000000000000000          000000000000000000000000000000                                                  000000000000000000000000000000                                                                                                                                                   000004
