02RETORNO01COBRANCA       01155000466581000000PLANNER CONTABILIDADE E AUDITO085COOPERATIVA DE 0608190000084                                          0115004                                                                                                                                                                                                                                              000001
70000000000000000011550004665810115004DOC5310                  0046658100000088310000001   00000000000000 0106050819DOC5310                       050819000000001650008501155010608190000100000000000000000000000000000000000000000000000000000000000000000000000000000000000000000000000000000000000000000000000000000001650000000000000000          000000000000000000000000000000000000000000000000  02000002
70000000000000000011550004665810115004DOC5339                  0046658100000091210000001   00000000000000 0106050819DOC5339                       050819000000003500008501155010608190000100000000000000000000000000000000000000000000000000000000000000000000000000000000000000000000000000000000000000000000000000000003500000000000000000          000000000000000000000000000000000000000000000000  02000003
70000000000000000011550004665810115004DOC5341                  0046658100000091410000001   00000000000000 0106050819DOC5341                       050819000000003800008501155010608190000100000000000000000000000000000000000000000000000000000000000000000000000000000000000000000000000000000000000000000000000000000003800000000000000000          000000000000000000000000000000000000000000000000  02000004
70000000000000000011550004665810115004DOC5283                  0046658100000085610000001   00000000000000 0106050819DOC5283                       050819000000004400008501155010608190000100000000000000000000000000000000000000000000000000000000000000000000000000000000000000000000000000000000000000000000000000000004400000000000000000          000000000000000000000000000000000000000000000000  02000005
70000000000000000011550004665810115004DOC5279                  0046658100000085210000001   00000000000000 0106050819DOC5279                       050819000000004400008501155010608190000100000000000000000000000000000000000000000000000000000000000000000000000000000000000000000000000000000000000000000000000000000004400000000000000000          000000000000000000000000000000000000000000000000  02000006
70000000000000000011550004665810115004DOC5300                  0046658100000087310000001   00000000000000 0106050819DOC5300                       050819000000006050008501155010608190000100000000000000000000000000000000000000000000000000000000000000000000000000000000000000000000000000000000000000000000000000000006050000000000000000          000000000000000000000000000000000000000000000000  02000007
70000000000000000011550004665810115004DOC5248                  0046658100000082110000001   00000000000000 0106050819DOC5248                       050819000000002873808501155010608190000100000000000000000000000000000000000000000000000000000000000000000000000000000000000000000000000000000000000000000000000000000002873800000000000000          000000000000000000000000000000000000000000000000  02000008
70000000000000000011550004665810115004DOC5318                  0046658100000089110000001   00000000000000 0106050819DOC5318                       050819000000033000075630341010608190000184000000000000000000000000000000000000000000000000000000000000000000000000000000000000000000000000000000000000000000000000000033000000000000000000          000000000000000000000000000000000000000000000000  02000009
70000000000000000011550004665810115004DOC5333                  0046658100000090610000001   00000000000000 0106050819DOC5333                       050819000000010494075630341010608190000184000000000000000000000000000000000000000000000000000000000000000000000000000000000000000000000000000000000000000000000000000010494000000000000000          000000000000000000000000000000000000000000000000  02000010
70000000000000000011550004665810115004DOC5228                  0046658100000080110000001   00000000000000 0106050819DOC5228                       050819000000011109975630341010608190000184000000000000000000000000000000000000000000000000000000000000000000000000000000000000000000000000000000000000000000000000000011109900000000000000          000000000000000000000000000000000000000000000000  02000011
70000000000000000011550004665810115004DOC5295                  0046658100000086810000001   00000000000000 0106050819DOC5295                       050819000000005140075673431010608190000184000000000000000000000000000000000000000000000000000000000000000000000000000000000000000000000000000000000000000000000000000005140000000000000000          000000000000000000000000000000000000000000000000  08000012
70000000000000000011550004665810115004DOC5287                  0046658100000086010000001   00000000000000 0106050819DOC5287                       050819000000013200075617710010608190000184000000000000000000000000000000000000000000000000000000000000000000000000000000000000000000000000000000000000000000000000000013200000000000000000          000000000000000000000000000000000000000000000000  08000013
70000000000000000011550004665810115004DOC5211                  0046658100000078410000001   00000000000000 0106050819DOC5211                       050819000000005555075630341010608190000184000000000000000000000000000000000000000000000000000000000000000000000000000000000000000000000000000000000000000000000000000005555000000000000000          000000000000000000000000000000000000000000000000  02000014
70000000000000000011550004665810115004DOC5257                  0046658100000083010000001   00000000000000 0106050819DOC5257                       050819000000004686075617710010608190000184000000000000000000000000000000000000000000000000000000000000000000000000000000000000000000000000000000000000000000000000000004686000000000000000          000000000000000000000000000000000000000000000000  08000015
70000000000000000011550004665810115004DOC5227                  0046658100000080010000001   00000000000000 0106050819DOC5227                       050819000000062912475617710010608190000184000000000000000000000000000000000000000000000000000000000000000000000000000000000000000000000000000000000000000000000000000062912400000000000000          000000000000000000000000000000000000000000000000  08000016
70000000000000000011550004665810115004DOC5229                  0046658100000080210000001   00000000000000 0106050819DOC5229                       050819000000003156375617710010608190000184000000000000000000000000000000000000000000000000000000000000000000000000000000000000000000000000000000000000000000000000000003156300000000000000          000000000000000000000000000000000000000000000000  08000017
70000000000000000011550004665810115004DOC5280                  0046658100000085310000001   00000000000000 0106050819DOC5280                       050819000000007700075673431010608190000184000000000000000000000000000000000000000000000000000000000000000000000000000000000000000000000000000000000000000000000000000007700000000000000000          000000000000000000000000000000000000000000000000  08000018
70000000000000000011550004665810115004DOC5281                  0046658100000085410000001   00000000000000 0106050819DOC5281                       050819000000013700075673431010608190000184000000000000000000000000000000000000000000000000000000000000000000000000000000000000000000000000000000000000000000000000000013700000000000000000          000000000000000000000000000000000000000000000000  08000019
70000000000000000011550004665810115004DOC5218                  0046658100000079110000001   00000000000000 0106050819DOC5218                       050819000000005775075630694010608190000184000000000000000000000000000000000000000000000000000000000000000000000000000000000000000000000000000000000000000000000000000005775000000000000000          000000000000000000000000000000000000000000000000  02000020
70000000000000000011550004665810115004DOC5255                  0046658100000082810000001   00000000000000 0106050819DOC5255                       050819000000004023375630694010608190000184000000000000000000000000000000000000000000000000000000000000000000000000000000000000000000000000000000000000000000000000000004023300000000000000          000000000000000000000000000000000000000000000000  02000021
70000000000000000011550004665810115004DOC5342                  0046658100000091510000001   00000000000000 0106050819DOC5342                       100819000000005000013612017010608190000184000000000000000000000000000000000000000000000000000000000000000000000000000000000000000000000000000000000000000000000000000005000000000000000000          000000000000000000000000000000000000000000000000  02000022
70000000000000000011550004665810115004DOC5293                  0046658100000086610000001   00000000000000 0106050819DOC5293                       050819000000008000075630341010608190000184000000000000000000000000000000000000000000000000000000000000000000000000000000000000000000000000000000000000000000000000000008000000000000000000          000000000000000000000000000000000000000000000000  02000023
70000000000000000011550004665810115004DOC5271                  0046658100000084410000001   00000000000000 0106050819DOC5271                       050819000000002873875630341010608190000184000000000000000000000000000000000000000000000000000000000000000000000000000000000000000000000000000000000000000000000000000002873800000000000000          000000000000000000000000000000000000000000000000  02000024
70000000000000000011550004665810115004DOC5351                  0046658100000092410000001   00000000000000 0106050819DOC5351                       050819000000001500075630341010608190000184000000000000000000000000000000000000000000000000000000000000000000000000000000000000000000000000000000000000000000000000000001500000000000000000          000000000000000000000000000000000000000000000000  02000025
70000000000000000011550004665810115004DOC5222                  0046658100000079510000001   00000000000000 0106050819DOC5222                       050819000000035281075603271010608190000184000000000000000000000000000000000000000000000000000000000000000000000000000000000000000000000000000000000000000000000000000035281000000000000000          000000000000000000000000000000000000000000000000  08000026
70000000000000000011550004665810115004DOC5350                  0046658100000092310000001   00000000000000 0106050819DOC5350                       050819000000006500075630341010608190000184000000000000000000000000000000000000000000000000000000000000000000000000000000000000000000000000000000000000000000000000000006500000000000000000          000000000000000000000000000000000000000000000000  02000027
70000000000000000011550004665810115004DOC5304                  0046658100000087710000001   00000000000000 0106050819DOC5304                       050819000000003300013355620010608190000184000000000000000000000000000000000000000000000000000000000000000000000000000000000000000000000000000000000000000000000000000003300000000000000000          000000000000000000000000000000000000000000000000  07000028
70000000000000000011550004665810115004DOC5328                  0046658100000090110000001   00000000000000 0106050819DOC5328                       050819000000002200034184832010608190000184000000000000000000000000000000000000000000000000000000000000000000000000000000000000000000000000000000000000000000000000000002200000000000000000          000000000000000000000000000000000000000000000000  02000029
70000000000000000011550004665810115004DOC5214                  0046658100000078710000001   00000000000000 0106050819DOC5214                       050819000000015150034108044010608190000184000000000000000000000000000000000000000000000000000000000000000000000000000000000000000000000000000000000000000000000000000015150000000000000000          000000000000000000000000000000000000000000000000  09000030
70000000000000000011550004665810115004DOC5246                  0046658100000081910000001   00000000000000 0106050819DOC5246                       050819000000006862534184832010608190000184000000000000000000000000000000000000000000000000000000000000000000000000000000000000000000000000000000000000000000000000000006862500000000000000          000000000000000000000000000000000000000000000000  09000031
70000000000000000011550004665810115004DOC5290                  0046658100000086310000001   00000000000000 0106050819DOC5290                       050819000000007500023725500010608190000184000000000000000000000000000000000000000000000000000000000000000000000000000000000000000000000000000000000000000000000000000007500000000000000000          000000000000000000000000000000000000000000000000  07000032
70000000000000000011550004665810115004DOC5209                  0046658100000078210000001   00000000000000 0106050819DOC5209                       050819000000003448575630341010608190000184000000000000000000000000000000000000000000000000000000000000000000000000000000000000000000000000000000000000000000000000000003448500000000000000          000000000000000000000000000000000000000000000000  02000033
70000000000000000011550004665810115004DOC5267                  0046658100000084010000001   00000000000000 0106050819DOC5267                       050819000000005211775630341010608190000184000000000000000000000000000000000000000000000000000000000000000000000000000000000000000000000000000000000000000000000000000005211700000000000000          000000000000000000000000000000000000000000000000  02000034
70000000000000000011550004665810115004DOC5313                  0046658100000088610000001   00000000000000 0106050819DOC5313                       050819000000003300075630341010608190000184000000000000000000000000000000000000000000000000000000000000000000000000000000000000000000000000000000000000000000000000000003300000000000000000          000000000000000000000000000000000000000000000000  02000035
70000000000000000011550004665810115004DOC5326                  0046658100000089910000001   00000000000000 0106050819DOC5326                       050819000000003000023703670010608190000184000000000000000000000000000000000000000000000000000000000000000000000000000000000000000000000000000000000000000000000000000003000000000000000000          000000000000000000000000000000000000000000000000  02000036
70000000000000000011550004665810115004DOC5282                  0046658100000085510000001   00000000000000 0106050819DOC5282                       050819000000011000023772389010608190000184000000000000000000000000000000000000000000000000000000000000000000000000000000000000000000000000000000000000000000000000000011000000000000000000          000000000000000000000000000000000000000000000000  02000037
70000000000000000011550004665810115004DOC5247                  0046658100000082010000001   00000000000000 0106050819DOC5247                       050819000000031129903312572010608190000184000000000000000000000000000000000000000000000000000000000000000000000000000000000000000000000000000000000000000000000000000031129900000000000000          000000000000000000000000000000000000000000000000  02000038
70000000000000000011550004665810115004DOC5223                  0046658100000079610000001   00000000000000 0106050819DOC5223                       150819000000004180000102763010608190000184000000000000000000000000000000000000000000000000000000000000000000000000000000000000000000000000000000000000000000000000000004180000000000000000          000000000000000000000000000000000000000000000000  07000039
70000000000000000011550004665810115004DOC5269                  0046658100000084210000001   00000000000000 0106050819DOC5269                       050819000000005172810404235010608190000184000000000000000000000000000000000000000000000000000000000000000000000000000000000000000000000000000000000000000000000000000005172800000000000000          000000000000000000000000000000000000000000000000  07000040
70000000000000000011550004665810115004DOC5355                  0046658100000092810000001   00000000000000 0106050819DOC5355                       050819000000006000000102763010608190000184000000000000000000000000000000000000000000000000000000000000000000000000000000000000000000000000000000000000000000000000000006000000000000000000          000000000000000000000000000000000000000000000000  02000041
70000000000000000011550004665810115004DOC5329                  0046658100000090210000001   00000000000000 0106050819DOC5329                       050819000000005247000124953010608190000184000000000000000000000000000000000000000000000000000000000000000000000000000000000000000000000000000000000000000000000000000005247000000000000000          000000000000000000000000000000000000000000000000  02000042
70000000000000000011550004665810115004DOC5343                  0046658100000091610000001   00000000000000 0106050819DOC5343                       050819000000011000000124953010608190000184000000000000000000000000000000000000000000000000000000000000000000000000000000000000000000000000000000000000000000000000000011000000000000000000          000000000000000000000000000000000000000000000000  02000043
70000000000000000011550004665810115004DOC5298                  0046658100000087110000001   00000000000000 0106050819DOC5298                       050819000000004290000129823010608190000184000000000000000000000000000000000000000000000000000000000000000000000000000000000000000000000000000000000000000000000000000004290000000000000000          000000000000000000000000000000000000000000000000  02000044
70000000000000000011550004665810115004DOC5299                  0046658100000087210000001   00000000000000 0106050819DOC5299                       050819000000005247000153570010608190000184000000000000000000000000000000000000000000000000000000000000000000000000000000000000000000000000000000000000000000000000000005247000000000000000          000000000000000000000000000000000000000000000000  02000045
70000000000000000011550004665810115004DOC5276                  0046658100000084910000001   00000000000000 0106050819DOC5276                       050819000000002000000154062010608190000184000000000000000000000000000000000000000000000000000000000000000000000000000000000000000000000000000000000000000000000000000002000000000000000000          000000000000000000000000000000000000000000000000  05000046
70000000000000000011550004665810115004DOC5356                  0046658100000092910000001   00000000000000 0106050819DOC5356                       050819000000002500000102763010608190000184000000000000000000000000000000000000000000000000000000000000000000000000000000000000000000000000000000000000000000000000000002500000000000000000          000000000000000000000000000000000000000000000000  01000047
70000000000000000011550004665810115004DOC5354                  0046658100000092710000001   00000000000000 0106050819DOC5354                       050819000000002500000102763010608190000184000000000000000000000000000000000000000000000000000000000000000000000000000000000000000000000000000000000000000000000000000002500000000000000000          000000000000000000000000000000000000000000000000  01000048
70000000000000000011550004665810115004DOC5353                  0046658100000092610000001   00000000000000 0106050819DOC5353                       050819000000002000000102763010608190000184000000000000000000000000000000000000000000000000000000000000000000000000000000000000000000000000000000000000000000000000000002000000000000000000          000000000000000000000000000000000000000000000000  01000049
70000000000000000011550004665810115004DOC5256                  0046658100000082910000001   00000000000000 0106050819DOC5256                       050819000000012644500102763010608190000184000000000000000000000000000000000000000000000000000000000000000000000000000000000000000000000000000000000000000000000000000012644500000000000000          000000000000000000000000000000000000000000000000  02000050
70000000000000000011550004665810115004DOC5265                  0046658100000083810000001   00000000000000 0106050819DOC5265                       050819000000018910000124953010608190000184000000000000000000000000000000000000000000000000000000000000000000000000000000000000000000000000000000000000000000000000000018910000000000000000          000000000000000000000000000000000000000000000000  02000051
70000000000000000011550004665810115004DOC5327                  0046658100000090010000001   00000000000000 0106050819DOC5327                       050819000000002750010404235010608190000184000000000000000000000000000000000000000000000000000000000000000000000000000000000000000000000000000000000000000000000000000002750000000000000000          000000000000000000000000000000000000000000000000  02000052
70000000000000000011550004665810115004DOC5260                  0046658100000083310000001   00000000000000 0106050819DOC5260                       050819000000003448510416632010608190000184000000000000000000000000000000000000000000000000000000000000000000000000000000000000000000000000000000000000000000000000000003448500000000000000          000000000000000000000000000000000000000000000000  02000053
70000000000000000011550004665810115004DOC5335                  0046658100000090810000001   00000000000000 0106050819DOC5335                       050819000000003500010404235010608190000184000000000000000000000000000000000000000000000000000000000000000000000000000000000000000000000000000000000000000000000000000003500000000000000000          000000000000000000000000000000000000000000000000  02000054
70000000000000000011550004665810115004DOC5237                  0046658100000081010000001   00000000000000 0106050819DOC5237                       050819000000005500010404235010608190000184000000000000000000000000000000000000000000000000000000000000000000000000000000000000000000000000000000000000000000000000000005500000000000000000          000000000000000000000000000000000000000000000000  02000055
70000000000000000011550004665810115004DOC5325                  0046658100000089810000001   00000000000000 0106050819DOC5325                       050819000000005247008501066010608190000100000000000000000000000000000000000000000000000000000000000000000000000000000000000000000000000000000000000000000000000000000005247000000000000000          000000000000000000000000000000000000000000000000  02000056
70000000000000000011550004665810115004DOC5217                  0046658100000079010000001   00000000000000 0106050819DOC5217                       050819000000005775008501015010608190000100000000000000000000000000000000000000000000000000000000000000000000000000000000000000000000000000000000000000000000000000000005775000000000000000          000000000000000000000000000000000000000000000000  02000057
70000000000000000011550004665810115004DOC5303                  0046658100000087610000001   00000000000000 0106050819DOC5303                       050819000000004180008501015010608190000100000000000000000000000000000000000000000000000000000000000000000000000000000000000000000000000000000000000000000000000000000004180000000000000000          000000000000000000000000000000000000000000000000  02000058
70000000000000000011550004665810115004DOC5002                  0046658100000060110000000   00000000000000 0110050819DOC5002                       050619000000002500008501155010000000000100000000000000000000000000000000000000000000000000000000000000000000000000000000000000000000000000000000000000000000000000000000000000000000000000          000000000000000000000000000000000000000000000000  00000059
70000000000000000011550004665810115004DOC5185                  0046658100000076110000000   00000000000000 0110050819DOC5185                       050719000000002500008501155010000000000100000000000000000000000000000000000000000000000000000000000000000000000000000000000000000000000000000000000000000000000000000000000000000000000000          000000000000000000000000000000000000000000000000  00000060
9201001          000001410000001023690200000000          000000000000000000000000000000          000000000000000000000000000000          000000000000000000000000000000                                                  000000000000000000000000000000                                                                                                                                                   000061
