02RETORNO01COBRANCA       01155000490849000000PLANNER SOLUCOES EMPRESARIAIS 085COOPERATIVA DE 3105190000036                                          0115004                                                                                                                                                                                                                                              000001
70000000000000000011550004908490115004DOC1077                  0049084900000014110000000   00000000000000 0102300519DOC1077                       220619000000000050008501155010000000000000000000000000000000000000000000000000000000000000000000000000000000000000000000000000000000000000000000000000000000000000000000000000000000000000          000000000000000000000000000000000000000000000000  00000002
70000000000000000011550004908490115004NFSE1787                 0049084900000010010000050   00000000000000 0102300519NFSE1787                      100619000000012219708501155010000000000000000000000000000000000000000000000000000000000000000000000000000000000000000000000000000000000000000000000000000000000000000000000000000000000000          000000000000000000000000000000000000000000000000  00000003
70000000000000000011550004908490115004NFSE1788                 0049084900000010110000050   00000000000000 0102300519NFSE1788                      050619000000025550008501155010000000000000000000000000000000000000000000000000000000000000000000000000000000000000000000000000000000000000000000000000000000000000000000000000000000000000          000000000000000000000000000000000000000000000000  00000004
70000000000000000011550004908490115004NFSE1789                 0049084900000010210000000   00000000000000 0102300519NFSE1789                      250619000000014075608501155010000000000000000000000000000000000000000000000000000000000000000000000000000000000000000000000000000000000000000000000000000000000000000000000000000000000000          000000000000000000000000000000000000000000000000  00000005
70000000000000000011550004908490115004NFSE1790                 0049084900000010310000000   00000000000000 0102300519NFSE1790                      050619000000006302808501155010000000000000000000000000000000000000000000000000000000000000000000000000000000000000000000000000000000000000000000000000000000000000000000000000000000000000          000000000000000000000000000000000000000000000000  00000006
70000000000000000011550004908490115004NFSE1791                 0049084900000010410000050   00000000000000 0102300519NFSE1791                      050619000000041054008501155010000000000000000000000000000000000000000000000000000000000000000000000000000000000000000000000000000000000000000000000000000000000000000000000000000000000000          000000000000000000000000000000000000000000000000  00000007
70000000000000000011550004908490115004NFSE1792                 0049084900000010510000050   00000000000000 0102300519NFSE1792                      130619000000010680008501155010000000000000000000000000000000000000000000000000000000000000000000000000000000000000000000000000000000000000000000000000000000000000000000000000000000000000          000000000000000000000000000000000000000000000000  00000008
70000000000000000011550004908490115004NFSE1794                 0049084900000010710000000   00000000000000 0102300519NFSE1794                      050619000000024500008501155010000000000000000000000000000000000000000000000000000000000000000000000000000000000000000000000000000000000000000000000000000000000000000000000000000000000000          000000000000000000000000000000000000000000000000  00000009
70000000000000000011550004908490115004NFSE1795                 0049084900000010810000050   00000000000000 0102300519NFSE1795                      050619000000008712508501155010000000000000000000000000000000000000000000000000000000000000000000000000000000000000000000000000000000000000000000000000000000000000000000000000000000000000          000000000000000000000000000000000000000000000000  00000010
70000000000000000011550004908490115004NFSE1796                 0049084900000010910000050   00000000000000 0102300519NFSE1796                      050619000000022000008501155010000000000000000000000000000000000000000000000000000000000000000000000000000000000000000000000000000000000000000000000000000000000000000000000000000000000000          000000000000000000000000000000000000000000000000  00000011
70000000000000000011550004908490115004NFSE1797                 0049084900000011010000050   00000000000000 0102300519NFSE1797                      050619000000020440008501155010000000000000000000000000000000000000000000000000000000000000000000000000000000000000000000000000000000000000000000000000000000000000000000000000000000000000          000000000000000000000000000000000000000000000000  00000012
70000000000000000011550004908490115004NFSE1798                 0049084900000011110000050   00000000000000 0102300519NFSE1798                      050619000000024000008501155010000000000000000000000000000000000000000000000000000000000000000000000000000000000000000000000000000000000000000000000000000000000000000000000000000000000000          000000000000000000000000000000000000000000000000  00000013
70000000000000000011550004908490115004NFSE1799                 0049084900000011210000050   00000000000000 0102300519NFSE1799                      050619000000028000008501155010000000000000000000000000000000000000000000000000000000000000000000000000000000000000000000000000000000000000000000000000000000000000000000000000000000000000          000000000000000000000000000000000000000000000000  00000014
70000000000000000011550004908490115004NFSE1800                 0049084900000011310000050   00000000000000 0102300519NFSE1800                      050619000000012000008501155010000000000000000000000000000000000000000000000000000000000000000000000000000000000000000000000000000000000000000000000000000000000000000000000000000000000000          000000000000000000000000000000000000000000000000  00000015
70000000000000000011550004908490115004NFSE1801                 0049084900000011410000000   00000000000000 0102300519NFSE1801                      050619000000026000008501155010000000000000000000000000000000000000000000000000000000000000000000000000000000000000000000000000000000000000000000000000000000000000000000000000000000000000          000000000000000000000000000000000000000000000000  00000016
70000000000000000011550004908490115004NFSE1802                 0049084900000011510000050   00000000000000 0102300519NFSE1802                      050619000000047000008501155010000000000000000000000000000000000000000000000000000000000000000000000000000000000000000000000000000000000000000000000000000000000000000000000000000000000000          000000000000000000000000000000000000000000000000  00000017
70000000000000000011550004908490115004NFSE1803                 0049084900000011610000050   00000000000000 0102300519NFSE1803                      050619000000006000008501155010000000000000000000000000000000000000000000000000000000000000000000000000000000000000000000000000000000000000000000000000000000000000000000000000000000000000          000000000000000000000000000000000000000000000000  00000018
70000000000000000011550004908490115004NFSE1804                 0049084900000011710000050   00000000000000 0102300519NFSE1804                      230619000000005534808501155010000000000000000000000000000000000000000000000000000000000000000000000000000000000000000000000000000000000000000000000000000000000000000000000000000000000000          000000000000000000000000000000000000000000000000  00000019
70000000000000000011550004908490115004NFSE1805                 0049084900000011810000000   00000000000000 0102300519NFSE1805                      100619000000025000008501155010000000000000000000000000000000000000000000000000000000000000000000000000000000000000000000000000000000000000000000000000000000000000000000000000000000000000          000000000000000000000000000000000000000000000000  00000020
70000000000000000011550004908490115004NFSE1806                 0049084900000011910000050   00000000000000 0102300519NFSE1806                      150619000000057386208501155010000000000000000000000000000000000000000000000000000000000000000000000000000000000000000000000000000000000000000000000000000000000000000000000000000000000000          000000000000000000000000000000000000000000000000  00000021
70000000000000000011550004908490115004NFSE1807                 0049084900000012010000050   00000000000000 0102300519NFSE1807                      180619000000026000008501155010000000000000000000000000000000000000000000000000000000000000000000000000000000000000000000000000000000000000000000000000000000000000000000000000000000000000          000000000000000000000000000000000000000000000000  00000022
70000000000000000011550004908490115004NFSE1808                 0049084900000012110000000   00000000000000 0102300519NFSE1808                      050619000000022000008501155010000000000000000000000000000000000000000000000000000000000000000000000000000000000000000000000000000000000000000000000000000000000000000000000000000000000000          000000000000000000000000000000000000000000000000  00000023
70000000000000000011550004908490115004NFSE1809                 0049084900000012210000050   00000000000000 0102300519NFSE1809                      150619000000045000008501155010000000000000000000000000000000000000000000000000000000000000000000000000000000000000000000000000000000000000000000000000000000000000000000000000000000000000          000000000000000000000000000000000000000000000000  00000024
70000000000000000011550004908490115004NFSE1810                 0049084900000012310000000   00000000000000 0102300519NFSE1810                      050619000000021000008501155010000000000000000000000000000000000000000000000000000000000000000000000000000000000000000000000000000000000000000000000000000000000000000000000000000000000000          000000000000000000000000000000000000000000000000  00000025
70000000000000000011550004908490115004NFSE1811                 0049084900000012410000000   00000000000000 0102300519NFSE1811                      250619000000004500008501155010000000000000000000000000000000000000000000000000000000000000000000000000000000000000000000000000000000000000000000000000000000000000000000000000000000000000          000000000000000000000000000000000000000000000000  00000026
70000000000000000011550004908490115004NFSE1812                 0049084900000012510000050   00000000000000 0102300519NFSE1812                      280619000000025000008501155010000000000000000000000000000000000000000000000000000000000000000000000000000000000000000000000000000000000000000000000000000000000000000000000000000000000000          000000000000000000000000000000000000000000000000  00000027
70000000000000000011550004908490115004NFSE1813                 0049084900000012610000000   00000000000000 0102300519NFSE1813                      100619000000012000008501155010000000000000000000000000000000000000000000000000000000000000000000000000000000000000000000000000000000000000000000000000000000000000000000000000000000000000          000000000000000000000000000000000000000000000000  00000028
70000000000000000011550004908490115004NFSE1814                 0049084900000012710000000   00000000000000 0102300519NFSE1814                      050619000000003000008501155010000000000000000000000000000000000000000000000000000000000000000000000000000000000000000000000000000000000000000000000000000000000000000000000000000000000000          000000000000000000000000000000000000000000000000  00000029
70000000000000000011550004908490115004NFSE1815                 0049084900000012810000050   00000000000000 0102300519NFSE1815                      100619000000025000008501155010000000000000000000000000000000000000000000000000000000000000000000000000000000000000000000000000000000000000000000000000000000000000000000000000000000000000          000000000000000000000000000000000000000000000000  00000030
70000000000000000011550004908490115004NFSE1816                 0049084900000012910000000   00000000000000 0102300519NFSE1816                      150619000000040000008501155010000000000000000000000000000000000000000000000000000000000000000000000000000000000000000000000000000000000000000000000000000000000000000000000000000000000000          000000000000000000000000000000000000000000000000  00000031
70000000000000000011550004908490115004DOC1062                  0049084900000013010000050   00000000000000 0102300519DOC1062                       150619000000019036008501155010000000000000000000000000000000000000000000000000000000000000000000000000000000000000000000000000000000000000000000000000000000000000000000000000000000000000          000000000000000000000000000000000000000000000000  00000032
70000000000000000011550004908490115004DOC1063                  0049084900000013110000000   00000000000000 0102300519DOC1063                       100619000000018375308501155010000000000000000000000000000000000000000000000000000000000000000000000000000000000000000000000000000000000000000000000000000000000000000000000000000000000000          000000000000000000000000000000000000000000000000  00000033
70000000000000000011550004908490115004DOC1064                  0049084900000013210000000   00000000000000 0102300519DOC1064                       050619000000016576008501155010000000000000000000000000000000000000000000000000000000000000000000000000000000000000000000000000000000000000000000000000000000000000000000000000000000000000          000000000000000000000000000000000000000000000000  00000034
70000000000000000011550004908490115004DOC1065                  0049084900000013310000050   00000000000000 0102300519DOC1065                       050619000000015375008501155010000000000000000000000000000000000000000000000000000000000000000000000000000000000000000000000000000000000000000000000000000000000000000000000000000000000000          000000000000000000000000000000000000000000000000  00000035
70000000000000000011550004908490115004DOC1066                  0049084900000013410000050   00000000000000 0102300519DOC1066                       050619000000016576008501155010000000000000000000000000000000000000000000000000000000000000000000000000000000000000000000000000000000000000000000000000000000000000000000000000000000000000          000000000000000000000000000000000000000000000000  00000036
70000000000000000011550004908490115004DOC1067                  0049084900000013510000050   00000000000000 0102300519DOC1067                       050619000000009709008501155010000000000000000000000000000000000000000000000000000000000000000000000000000000000000000000000000000000000000000000000000000000000000000000000000000000000000          000000000000000000000000000000000000000000000000  00000037
70000000000000000011550004908490115004DOC1068                  0049084900000013610000050   00000000000000 0102300519DOC1068                       050619000000013286008501155010000000000000000000000000000000000000000000000000000000000000000000000000000000000000000000000000000000000000000000000000000000000000000000000000000000000000          000000000000000000000000000000000000000000000000  00000038
70000000000000000011550004908490115004DOC1069                  0049084900000013710000050   00000000000000 0102300519DOC1069                       050619000000013286008501155010000000000000000000000000000000000000000000000000000000000000000000000000000000000000000000000000000000000000000000000000000000000000000000000000000000000000          000000000000000000000000000000000000000000000000  00000039
70000000000000000011550004908490115004DOC1070                  0049084900000013810000050   00000000000000 0102300519DOC1070                       050619000000013286008501155010000000000000000000000000000000000000000000000000000000000000000000000000000000000000000000000000000000000000000000000000000000000000000000000000000000000000          000000000000000000000000000000000000000000000000  00000040
70000000000000000011550004908490115004DOC1071                  0049084900000013910000050   00000000000000 0102300519DOC1071                       050619000000010000008501155010000000000000000000000000000000000000000000000000000000000000000000000000000000000000000000000000000000000000000000000000000000000000000000000000000000000000          000000000000000000000000000000000000000000000000  00000041
70000000000000000011550004908490115004DOC1072                  0049084900000014010000000   00000000000000 0102300519DOC1072                       050619000000016576008501155010000000000000000000000000000000000000000000000000000000000000000000000000000000000000000000000000000000000000000000000000000000000000000000000000000000000000          000000000000000000000000000000000000000000000000  00000042
70000000000000000011550004908490115004                         0049084900000013010000099   00000000000000 0103300519                              000000000000019036008501155990000000000000000000000000000000000000000000000000000000000000000000000000000000000000000000000000000000000000000000000000000000000000000000000000000000000000          000000000000000000000000000000000000000000000000  00000043
70000000000000000011550004908490115004                         0049084900000013110000099   00000000000000 0103300519                              000000000000018375308501155990000000000000000000000000000000000000000000000000000000000000000000000000000000000000000000000000000000000000000000000000000000000000000000000000000000000000          000000000000000000000000000000000000000000000000  00000044
70000000000000000011550004908490115004                         0049084900000013210000099   00000000000000 0103300519                              000000000000016576008501155990000000000000000000000000000000000000000000000000000000000000000000000000000000000000000000000000000000000000000000000000000000000000000000000000000000000000          000000000000000000000000000000000000000000000000  00000045
70000000000000000011550004908490115004                         0049084900000013310000099   00000000000000 0103300519                              000000000000015375008501155990000000000000000000000000000000000000000000000000000000000000000000000000000000000000000000000000000000000000000000000000000000000000000000000000000000000000          000000000000000000000000000000000000000000000000  00000046
70000000000000000011550004908490115004                         0049084900000013410000099   00000000000000 0103300519                              000000000000016576008501155990000000000000000000000000000000000000000000000000000000000000000000000000000000000000000000000000000000000000000000000000000000000000000000000000000000000000          000000000000000000000000000000000000000000000000  00000047
70000000000000000011550004908490115004                         0049084900000013510000099   00000000000000 0103300519                              000000000000009709008501155990000000000000000000000000000000000000000000000000000000000000000000000000000000000000000000000000000000000000000000000000000000000000000000000000000000000000          000000000000000000000000000000000000000000000000  00000048
70000000000000000011550004908490115004                         0049084900000013610000099   00000000000000 0103300519                              000000000000013286008501155990000000000000000000000000000000000000000000000000000000000000000000000000000000000000000000000000000000000000000000000000000000000000000000000000000000000000          000000000000000000000000000000000000000000000000  00000049
70000000000000000011550004908490115004                         0049084900000013710000099   00000000000000 0103300519                              000000000000013286008501155990000000000000000000000000000000000000000000000000000000000000000000000000000000000000000000000000000000000000000000000000000000000000000000000000000000000000          000000000000000000000000000000000000000000000000  00000050
70000000000000000011550004908490115004                         0049084900000013810000099   00000000000000 0103300519                              000000000000013286008501155990000000000000000000000000000000000000000000000000000000000000000000000000000000000000000000000000000000000000000000000000000000000000000000000000000000000000          000000000000000000000000000000000000000000000000  00000051
70000000000000000011550004908490115004                         0049084900000013910000099   00000000000000 0103300519                              000000000000010000008501155990000000000000000000000000000000000000000000000000000000000000000000000000000000000000000000000000000000000000000000000000000000000000000000000000000000000000          000000000000000000000000000000000000000000000000  00000052
70000000000000000011550004908490115004                         0049084900000014010000099   00000000000000 0103300519                              000000000000016576008501155990000000000000000000000000000000000000000000000000000000000000000000000000000000000000000000000000000000000000000000000000000000000000000000000000000000000000          000000000000000000000000000000000000000000000000  00000053
70000000000000000011550004908490115004                         0049084900000009910000099   00000000000000 0103300519                              000000000000005887308501155990000000000000000000000000000000000000000000000000000000000000000000000000000000000000000000000000000000000000000000000000000000000000000000000000000000000000          000000000000000000000000000000000000000000000000  00000054
70000000000000000011550004908490115004                         0049084900000010610000018   00000000000000 0103300519                              000000000000029324408501155990000000000000000000000000000000000000000000000000000000000000000000000000000000000000000000000000000000000000000000000000000000000000000000000000000000000000          000000000000000000000000000000000000000000000000  00000055
70000000000000000011550004908490115004NFSE1806                 0049084900000011910000000   00000000000000 0131300519NFSE1806                      150619000000057386208501155010000000000100000000000000000000000000000000000000000000000000000000000002806180000000000000000000000000000000000000000000000000000000000000000000000000000000          000000000000000000000000000000000000000000000000  00000056
70000000000000000011550004908490115004DOC1077                  0049084900000014110000000   00000000000000 0110300519DOC1077                       220619000000000050008501155010000000000100000000000000000000000000000000000000000000000000000000000000000000000000000000000000000000000000000000000000000000000000000000000000000000000000          000000000000000000000000000000000000000000000000  00000057
9201001          000000500000000980813900000000          000000000000000000000000000000          000000000000000000000000000000          000000000000000000000000000000                                                  000000000000000000000000000000                                                                                                                                                   000058
