02RETORNO01COBRANCA       01155000490318000000PLANNER INTELIGENCIA CONTABIL 085COOPERATIVA DE 2607190000063                                          0115004                                                                                                                                                                                                                                              000001
70000000000000000011550004903180115004DOC539                   0049031800000021110000050   00000000000000 0102250719DOC539                        100819000000006024008501155010000000000000000000000000000000000000000000000000000000000000000000000000000000000000000000000000000000000000000000000000000000000000000000000000000000000000          000000000000000000000000000000000000000000000000  00000002
70000000000000000011550004903180115004DOC540                   0049031800000021210000000   00000000000000 0102250719DOC540                        100819000000042425408501155010000000000000000000000000000000000000000000000000000000000000000000000000000000000000000000000000000000000000000000000000000000000000000000000000000000000000          000000000000000000000000000000000000000000000000  00000003
70000000000000000011550004903180115004DOC541                   0049031800000021310000050   00000000000000 0102250719DOC541                        100819000000009666608501155010000000000000000000000000000000000000000000000000000000000000000000000000000000000000000000000000000000000000000000000000000000000000000000000000000000000000          000000000000000000000000000000000000000000000000  00000004
70000000000000000011550004903180115004DOC542                   0049031800000021410000050   00000000000000 0102250719DOC542                        150819000000003300008501155010000000000000000000000000000000000000000000000000000000000000000000000000000000000000000000000000000000000000000000000000000000000000000000000000000000000000          000000000000000000000000000000000000000000000000  00000005
70000000000000000011550004903180115004DOC543                   0049031800000021510000050   00000000000000 0102250719DOC543                        130819000000004716608501155010000000000000000000000000000000000000000000000000000000000000000000000000000000000000000000000000000000000000000000000000000000000000000000000000000000000000          000000000000000000000000000000000000000000000000  00000006
70000000000000000011550004903180115004DOC544                   0049031800000021610000000   00000000000000 0102250719DOC544                        150819000000000800008501155010000000000000000000000000000000000000000000000000000000000000000000000000000000000000000000000000000000000000000000000000000000000000000000000000000000000000          000000000000000000000000000000000000000000000000  00000007
70000000000000000011550004903180115004DOC545                   0049031800000021710000000   00000000000000 0102250719DOC545                        100819000000007768508501155010000000000000000000000000000000000000000000000000000000000000000000000000000000000000000000000000000000000000000000000000000000000000000000000000000000000000          000000000000000000000000000000000000000000000000  00000008
70000000000000000011550004903180115004DOC546                   0049031800000021810000050   00000000000000 0102250719DOC546                        100819000000010639608501155010000000000000000000000000000000000000000000000000000000000000000000000000000000000000000000000000000000000000000000000000000000000000000000000000000000000000          000000000000000000000000000000000000000000000000  00000009
70000000000000000011550004903180115004DOC547                   0049031800000021910000000   00000000000000 0102250719DOC547                        100819000000003359808501155010000000000000000000000000000000000000000000000000000000000000000000000000000000000000000000000000000000000000000000000000000000000000000000000000000000000000          000000000000000000000000000000000000000000000000  00000010
70000000000000000011550004903180115004DOC548                   0049031800000022010000000   00000000000000 0102250719DOC548                        100819000000003563508501155010000000000000000000000000000000000000000000000000000000000000000000000000000000000000000000000000000000000000000000000000000000000000000000000000000000000000          000000000000000000000000000000000000000000000000  00000011
70000000000000000011550004903180115004DOC549                   0049031800000022110000000   00000000000000 0102250719DOC549                        100819000000007114208501155010000000000000000000000000000000000000000000000000000000000000000000000000000000000000000000000000000000000000000000000000000000000000000000000000000000000000          000000000000000000000000000000000000000000000000  00000012
70000000000000000011550004903180115004DOC550                   0049031800000022210000050   00000000000000 0102250719DOC550                        150819000000002750008501155010000000000000000000000000000000000000000000000000000000000000000000000000000000000000000000000000000000000000000000000000000000000000000000000000000000000000          000000000000000000000000000000000000000000000000  00000013
70000000000000000011550004903180115004DOC551                   0049031800000022310000000   00000000000000 0102250719DOC551                        100819000000002787408501155010000000000000000000000000000000000000000000000000000000000000000000000000000000000000000000000000000000000000000000000000000000000000000000000000000000000000          000000000000000000000000000000000000000000000000  00000014
70000000000000000011550004903180115004DOC552                   0049031800000022410000000   00000000000000 0102250719DOC552                        100819000000029700008501155010000000000000000000000000000000000000000000000000000000000000000000000000000000000000000000000000000000000000000000000000000000000000000000000000000000000000          000000000000000000000000000000000000000000000000  00000015
70000000000000000011550004903180115004DOC553                   0049031800000022510000050   00000000000000 0102250719DOC553                        100819000000011957008501155010000000000000000000000000000000000000000000000000000000000000000000000000000000000000000000000000000000000000000000000000000000000000000000000000000000000000          000000000000000000000000000000000000000000000000  00000016
70000000000000000011550004903180115004DOC554                   0049031800000022610000050   00000000000000 0102250719DOC554                        100819000000006803508501155010000000000000000000000000000000000000000000000000000000000000000000000000000000000000000000000000000000000000000000000000000000000000000000000000000000000000          000000000000000000000000000000000000000000000000  00000017
70000000000000000011550004903180115004DOC555                   0049031800000022710000050   00000000000000 0102250719DOC555                        100819000000002799908501155010000000000000000000000000000000000000000000000000000000000000000000000000000000000000000000000000000000000000000000000000000000000000000000000000000000000000          000000000000000000000000000000000000000000000000  00000018
70000000000000000011550004903180115004DOC556                   0049031800000022810000000   00000000000000 0102250719DOC556                        100819000000002750008501155010000000000000000000000000000000000000000000000000000000000000000000000000000000000000000000000000000000000000000000000000000000000000000000000000000000000000          000000000000000000000000000000000000000000000000  00000019
70000000000000000011550004903180115004DOC557                   0049031800000022910000000   00000000000000 0102250719DOC557                        100819000000000560008501155010000000000000000000000000000000000000000000000000000000000000000000000000000000000000000000000000000000000000000000000000000000000000000000000000000000000000          000000000000000000000000000000000000000000000000  00000020
70000000000000000011550004903180115004DOC558                   0049031800000023010000000   00000000000000 0102250719DOC558                        100819000000000560008501155010000000000000000000000000000000000000000000000000000000000000000000000000000000000000000000000000000000000000000000000000000000000000000000000000000000000000          000000000000000000000000000000000000000000000000  00000021
70000000000000000011550004903180115004DOC559                   0049031800000023110000000   00000000000000 0102250719DOC559                        100819000000002799908501155010000000000000000000000000000000000000000000000000000000000000000000000000000000000000000000000000000000000000000000000000000000000000000000000000000000000000          000000000000000000000000000000000000000000000000  00000022
70000000000000000011550004903180115004DOC560                   0049031800000023210000000   00000000000000 0102250719DOC560                        100819000000006666608501155010000000000000000000000000000000000000000000000000000000000000000000000000000000000000000000000000000000000000000000000000000000000000000000000000000000000000          000000000000000000000000000000000000000000000000  00000023
70000000000000000011550004903180115004DOC561                   0049031800000023310000000   00000000000000 0102250719DOC561                        100819000000010494008501155010000000000000000000000000000000000000000000000000000000000000000000000000000000000000000000000000000000000000000000000000000000000000000000000000000000000000          000000000000000000000000000000000000000000000000  00000024
70000000000000000011550004903180115004DOC562                   0049031800000023410000050   00000000000000 0102250719DOC562                        220819000000005599808501155010000000000000000000000000000000000000000000000000000000000000000000000000000000000000000000000000000000000000000000000000000000000000000000000000000000000000          000000000000000000000000000000000000000000000000  00000025
70000000000000000011550004903180115004DOC563                   0049031800000023510000050   00000000000000 0102250719DOC563                        100819000000002500008501155010000000000000000000000000000000000000000000000000000000000000000000000000000000000000000000000000000000000000000000000000000000000000000000000000000000000000          000000000000000000000000000000000000000000000000  00000026
70000000000000000011550004903180115004DOC564                   0049031800000023610000000   00000000000000 0102250719DOC564                        100819000000002799908501155010000000000000000000000000000000000000000000000000000000000000000000000000000000000000000000000000000000000000000000000000000000000000000000000000000000000000          000000000000000000000000000000000000000000000000  00000027
70000000000000000011550004903180115004DOC565                   0049031800000023710000000   00000000000000 0102250719DOC565                        100819000000003850008501155010000000000000000000000000000000000000000000000000000000000000000000000000000000000000000000000000000000000000000000000000000000000000000000000000000000000000          000000000000000000000000000000000000000000000000  00000028
70000000000000000011550004903180115004DOC566                   0049031800000023810000000   00000000000000 0102250719DOC566                        200819000000002943808501155010000000000000000000000000000000000000000000000000000000000000000000000000000000000000000000000000000000000000000000000000000000000000000000000000000000000000          000000000000000000000000000000000000000000000000  00000029
70000000000000000011550004903180115004DOC567                   0049031800000023910000000   00000000000000 0102250719DOC567                        100819000000006600008501155010000000000000000000000000000000000000000000000000000000000000000000000000000000000000000000000000000000000000000000000000000000000000000000000000000000000000          000000000000000000000000000000000000000000000000  00000030
70000000000000000011550004903180115004DOC568                   0049031800000024010000000   00000000000000 0102250719DOC568                        100819000000006600008501155010000000000000000000000000000000000000000000000000000000000000000000000000000000000000000000000000000000000000000000000000000000000000000000000000000000000000          000000000000000000000000000000000000000000000000  00000031
70000000000000000011550004903180115004DOC569                   0049031800000024110000000   00000000000000 0102250719DOC569                        120819000000002750008501155010000000000000000000000000000000000000000000000000000000000000000000000000000000000000000000000000000000000000000000000000000000000000000000000000000000000000          000000000000000000000000000000000000000000000000  00000032
70000000000000000011550004903180115004DOC570                   0049031800000024210000000   00000000000000 0102250719DOC570                        120819000000003850008501155010000000000000000000000000000000000000000000000000000000000000000000000000000000000000000000000000000000000000000000000000000000000000000000000000000000000000          000000000000000000000000000000000000000000000000  00000033
70000000000000000011550004903180115004DOC571                   0049031800000024310000000   00000000000000 0102250719DOC571                        120819000000003850008501155010000000000000000000000000000000000000000000000000000000000000000000000000000000000000000000000000000000000000000000000000000000000000000000000000000000000000          000000000000000000000000000000000000000000000000  00000034
70000000000000000011550004903180115004DOC572                   0049031800000024410000000   00000000000000 0102250719DOC572                        120819000000003850008501155010000000000000000000000000000000000000000000000000000000000000000000000000000000000000000000000000000000000000000000000000000000000000000000000000000000000000          000000000000000000000000000000000000000000000000  00000035
70000000000000000011550004903180115004DOC573                   0049031800000024510000000   00000000000000 0102250719DOC573                        050819000000004180008501155010000000000000000000000000000000000000000000000000000000000000000000000000000000000000000000000000000000000000000000000000000000000000000000000000000000000000          000000000000000000000000000000000000000000000000  00000036
70000000000000000011550004903180115004DOC574                   0049031800000024610000000   00000000000000 0102250719DOC574                        100819000000005500008501155010000000000000000000000000000000000000000000000000000000000000000000000000000000000000000000000000000000000000000000000000000000000000000000000000000000000000          000000000000000000000000000000000000000000000000  00000037
70000000000000000011550004903180115004DOC575                   0049031800000024710000050   00000000000000 0102250719DOC575                        050819000000009900008501155010000000000000000000000000000000000000000000000000000000000000000000000000000000000000000000000000000000000000000000000000000000000000000000000000000000000000          000000000000000000000000000000000000000000000000  00000038
70000000000000000011550004903180115004DOC576                   0049031800000024810000000   00000000000000 0102250719DOC576                        050819000000008160008501155010000000000000000000000000000000000000000000000000000000000000000000000000000000000000000000000000000000000000000000000000000000000000000000000000000000000000          000000000000000000000000000000000000000000000000  00000039
70000000000000000011550004903180115004DOC577                   0049031800000024910000050   00000000000000 0102250719DOC577                        150819000000004400008501155010000000000000000000000000000000000000000000000000000000000000000000000000000000000000000000000000000000000000000000000000000000000000000000000000000000000000          000000000000000000000000000000000000000000000000  00000040
70000000000000000011550004903180115004DOC578                   0049031800000025010000000   00000000000000 0102250719DOC578                        050819000000002200008501155010000000000000000000000000000000000000000000000000000000000000000000000000000000000000000000000000000000000000000000000000000000000000000000000000000000000000          000000000000000000000000000000000000000000000000  00000041
70000000000000000011550004903180115004DOC579                   0049031800000025110000000   00000000000000 0102250719DOC579                        200819000000005247008501155010000000000000000000000000000000000000000000000000000000000000000000000000000000000000000000000000000000000000000000000000000000000000000000000000000000000000          000000000000000000000000000000000000000000000000  00000042
70000000000000000011550004903180115004DOC580                   0049031800000025210000000   00000000000000 0102250719DOC580                        100819000000005247008501155010000000000000000000000000000000000000000000000000000000000000000000000000000000000000000000000000000000000000000000000000000000000000000000000000000000000000          000000000000000000000000000000000000000000000000  00000043
70000000000000000011550004903180115004DOC581                   0049031800000025310000000   00000000000000 0102250719DOC581                        050819000000000800008501155010000000000000000000000000000000000000000000000000000000000000000000000000000000000000000000000000000000000000000000000000000000000000000000000000000000000000          000000000000000000000000000000000000000000000000  00000044
70000000000000000011550004903180115004DOC582                   0049031800000025410000000   00000000000000 0102250719DOC582                        050819000000003500008501155010000000000000000000000000000000000000000000000000000000000000000000000000000000000000000000000000000000000000000000000000000000000000000000000000000000000000          000000000000000000000000000000000000000000000000  00000045
70000000000000000011550004903180115004DOC583                   0049031800000025510000000   00000000000000 0102250719DOC583                        220819000000003500008501155010000000000000000000000000000000000000000000000000000000000000000000000000000000000000000000000000000000000000000000000000000000000000000000000000000000000000          000000000000000000000000000000000000000000000000  00000046
70000000000000000011550004903180115004DOC584                   0049031800000025610000050   00000000000000 0102250719DOC584                        220819000000014000008501155010000000000000000000000000000000000000000000000000000000000000000000000000000000000000000000000000000000000000000000000000000000000000000000000000000000000000          000000000000000000000000000000000000000000000000  00000047
70000000000000000011550004903180115004DOC585                   0049031800000025710000000   00000000000000 0102250719DOC585                        070819000000004600008501155010000000000000000000000000000000000000000000000000000000000000000000000000000000000000000000000000000000000000000000000000000000000000000000000000000000000000          000000000000000000000000000000000000000000000000  00000048
70000000000000000011550004903180115004DOC586                   0049031800000025810000000   00000000000000 0102250719DOC586                        100819000000000450008501155010000000000000000000000000000000000000000000000000000000000000000000000000000000000000000000000000000000000000000000000000000000000000000000000000000000000000          000000000000000000000000000000000000000000000000  00000049
70000000000000000011550004903180115004DOC587                   0049031800000025910000000   00000000000000 0102250719DOC587                        150819000000023500008501155010000000000000000000000000000000000000000000000000000000000000000000000000000000000000000000000000000000000000000000000000000000000000000000000000000000000000          000000000000000000000000000000000000000000000000  00000050
70000000000000000011550004903180115004DOC588                   0049031800000026010000000   00000000000000 0102250719DOC588                        050819000000005000008501155010000000000000000000000000000000000000000000000000000000000000000000000000000000000000000000000000000000000000000000000000000000000000000000000000000000000000          000000000000000000000000000000000000000000000000  00000051
70000000000000000011550004903180115004DOC589                   0049031800000026110000050   00000000000000 0102250719DOC589                        050819000000015000008501155010000000000000000000000000000000000000000000000000000000000000000000000000000000000000000000000000000000000000000000000000000000000000000000000000000000000000          000000000000000000000000000000000000000000000000  00000052
70000000000000000011550004903180115004DOC590                   0049031800000026210000050   00000000000000 0102250719DOC590                        050819000000004000008501155010000000000000000000000000000000000000000000000000000000000000000000000000000000000000000000000000000000000000000000000000000000000000000000000000000000000000          000000000000000000000000000000000000000000000000  00000053
70000000000000000011550004903180115004DOC591                   0049031800000026310000050   00000000000000 0102250719DOC591                        050819000000002600008501155010000000000000000000000000000000000000000000000000000000000000000000000000000000000000000000000000000000000000000000000000000000000000000000000000000000000000          000000000000000000000000000000000000000000000000  00000054
70000000000000000011550004903180115004DOC592                   0049031800000026410000000   00000000000000 0102250719DOC592                        050819000000007500008501155010000000000000000000000000000000000000000000000000000000000000000000000000000000000000000000000000000000000000000000000000000000000000000000000000000000000000          000000000000000000000000000000000000000000000000  00000055
70000000000000000011550004903180115004DOC593                   0049031800000026510000000   00000000000000 0102250719DOC593                        050819000000000600008501155010000000000000000000000000000000000000000000000000000000000000000000000000000000000000000000000000000000000000000000000000000000000000000000000000000000000000          000000000000000000000000000000000000000000000000  00000056
70000000000000000011550004903180115004DOC552                   0049031800000022410000000   00000000000000 0110250719DOC552                        100819000000029700008501155010000000000100000000000000000000000000000000000000000000000000000000000000000000000000000000000000000000000000000000000000000000000000000000000000000000000000          000000000000000000000000000000000000000000000000  00000057
9201001          000000670000000409258600000000          000000000000000000000000000000          000000000000000000000000000000          000000000000000000000000000000                                                  000000000000000000000000000000                                                                                                                                                   000058
