02RETORNO01COBRANCA       01155000490318000000PLANNER INTELIGENCIA CONTABIL 085COOPERATIVA DE 0606190000033                                          0115004                                                                                                                                                                                                                                              000001
70000000000000000011550004903180115004DOC473                   0049031800000014410000001   00000000000000 0106050619DOC473                        050619000000002200034165706010606190000184000000000000000000000000000000000000000000000000000000000000000000000000000000000000000000000000000000000000000000000000000002200000000000000000          000000000000000000000000000000000000000000000000  02000002
70000000000000000011550004903180115004DOC475                   0049031800000014610000001   00000000000000 0106050619DOC475                        050619000000004500023703336010606190000184000000000000000000000000000000000000000000000000000000000000000000000000000000000000000000000000000000000000000000000000000004500000000000000000          000000000000000000000000000000000000000000000000  02000003
70000000000000000011550004903180115004DOC483                   0049031800000015410000001   00000000000000 0106050619DOC483                        050619000000015000000109288010606190000184000000000000000000000000000000000000000000000000000000000000000000000000000000000000000000000000000000000000000000000000000015000000000000000000          000000000000000000000000000000000000000000000000  02000004
70000000000000000011550004903180115004DOC470                   0049031800000014110000001   00000000000000 0106050619DOC470                        050619000000009900010408095010606190000184000000000000000000000000000000000000000000000000000000000000000000000000000000000000000000000000000000000000000000000000000009900000000000000000          000000000000000000000000000000000000000000000000  02000005
70000000000000000011550004903180115004DOC484                   0049031800000015510000001   00000000000000 0106050619DOC484                        050619000000004000008501015010606190000100000000000000000000000000000000000000000000000000000000000000000000000000000000000000000000000000000000000000000000000000000004000000000000000000          000000000000000000000000000000000000000000000000  02000006
9201001          000000570000000408535900000000          000000000000000000000000000000          000000000000000000000000000000          000000000000000000000000000000                                                  000000000000000000000000000000                                                                                                                                                   000007
