02RETORNO01COBRANCA       01155000466581000000PLANNER CONTABILIDADE E AUDITO085COOPERATIVA DE 3107190000080                                          0115004                                                                                                                                                                                                                                              000001
70000000000000000011550004665810115004DOC5261                  0046658100000083410000001   00000000000000 0106300719DOC5261                       050819000000002873875630341013107190000184000000000000000000000000000000000000000000000000000000000000000000000000000000000000000000000000000000000000000000000000000002873800000000000000          000000000000000000000000000000000000000000000000  02000002
9201001          000002210000001627139500000000          000000000000000000000000000000          000000000000000000000000000000          000000000000000000000000000000                                                  000000000000000000000000000000                                                                                                                                                   000003
