02RETORNO01COBRANCA       01155000490849000000PLANNER SOLUCOES EMPRESARIAIS 085COOPERATIVA DE 0607190000056                                          0115004                                                                                                                                                                                                                                              000001
70000000000000000011550004908490115004DOC1842                  0049084900000016610000001   00000000000000 0106050719DOC1842                       050719000000028000008501155010807190000100000000000000000000000000000000000000000000000000000000000000000000000000000000000000000000000000000000000000000000000000000028000000000000000000          000000000000000000000000000000000000000000000000  02000002
70000000000000000011550004908490115004DOC1837                  0049084900000016110000001   00000000000000 0106050719DOC1837                       050719000000024500075617710010807190000184000000000000000000000000000000000000000000000000000000000000000000000000000000000000000000000000000000000000000000000000000024500000000000000000          000000000000000000000000000000000000000000000000  08000003
70000000000000000011550004908490115004DOC1091                  0049084900000019710000001   00000000000000 0106050719DOC1091                       050719000000010000075630341010807190000184000000000000000000000000000000000000000000000000000000000000000000000000000000000000000000000000000000000000000000000000000010000000000000000000          000000000000000000000000000000000000000000000000  02000004
70000000000000000011550004908490115004DOC1861                  0049084900000018510000001   00000000000000 0106050719DOC1861                       050719000000029324475630848010807190000184000000000000000000000000000000000000000000000000000000000000000000000000000000000000000000000000000000000000000000000000000029324400000000000000          000000000000000000000000000000000000000000000000  02000005
70000000000000000011550004908490115004DOC1834                  0049084900000015810000001   00000000000000 0106050719DOC1834                       050719000000006302875673431010807190000184000000000000000000000000000000000000000000000000000000000000000000000000000000000000000000000000000000000000000000000000000006302800000000000000          000000000000000000000000000000000000000000000000  08000006
70000000000000000011550004908490115004DOC1832                  0049084900000015610000001   00000000000000 0106050719DOC1832                       050719000000025550075630848010807190000184000000000000000000000000000000000000000000000000000000000000000000000000000000000000000000000000000000000000000000000000000025550000000000000000          000000000000000000000000000000000000000000000000  02000007
70000000000000000011550004908490115004DOC1862                  0049084900000019910000001   00000000000000 0106050719DOC1862                       050719000000004464075603530010807190000184000000000000000000000000000000000000000000000000000000000000000000000000000000000000000000000000000000000000000000000000000004464000000000000000          000000000000000000000000000000000000000000000000  08000008
70000000000000000011550004908490115004DOC1828                  0049084900000015210000001   00000000000000 0106050719DOC1828                       050719000000005887334184832010807190000184000000000000000000000000000000000000000000000000000000000000000000000000000000000000000000000000000000000000000000000000000005887300000000000000          000000000000000000000000000000000000000000000000  09000009
70000000000000000011550004908490115004DOC1845                  0049084900000016910000001   00000000000000 0106050719DOC1845                       050719000000047000034101325010807190000184000000000000000000000000000000000000000000000000000000000000000000000000000000000000000000000000000000000000000000000000000047000000000000000000          000000000000000000000000000000000000000000000000  09000010
70000000000000000011550004908490115004DOC1843                  0049084900000016710000001   00000000000000 0106050719DOC1843                       050719000000012000034108044010807190000184000000000000000000000000000000000000000000000000000000000000000000000000000000000000000000000000000000000000000000000000000012000000000000000000          000000000000000000000000000000000000000000000000  09000011
70000000000000000011550004908490115004DOC1829                  0049084900000015310000001   00000000000000 0106050719DOC1829                       050719000000010933234184832010807190000184000000000000000000000000000000000000000000000000000000000000000000000000000000000000000000000000000000000000000000000000000010933200000000000000          000000000000000000000000000000000000000000000000  09000012
70000000000000000011550004908490115004DOC1838                  0049084900000016210000001   00000000000000 0106050719DOC1838                       050719000000008712534184832010807190000184000000000000000000000000000000000000000000000000000000000000000000000000000000000000000000000000000000000000000000000000000008712500000000000000          000000000000000000000000000000000000000000000000  09000013
70000000000000000011550004908490115004DOC1835                  0049084900000015910000001   00000000000000 0106050719DOC1835                       050719000000041054034184832010807190000184000000000000000000000000000000000000000000000000000000000000000000000000000000000000000000000000000000000000000000000000000041054000000000000000          000000000000000000000000000000000000000000000000  02000014
70000000000000000011550004908490115004DOC1853                  0049084900000017710000001   00000000000000 0106050719DOC1853                       050719000000010250023703786010807190000184000000000000000000000000000000000000000000000000000000000000000000000000000000000000000000000000000000000000000000000000000010250000000000000000          000000000000000000000000000000000000000000000000  02000015
70000000000000000011550004908490115004DOC1846                  0049084900000017010000001   00000000000000 0106050719DOC1846                       050719000000006000023703670010807190000184000000000000000000000000000000000000000000000000000000000000000000000000000000000000000000000000000000000000000000000000000006000000000000000000          000000000000000000000000000000000000000000000000  02000016
70000000000000000011550004908490115004DOC1088                  0049084900000019410000001   00000000000000 0106050719DOC1088                       050719000000013286023703670010807190000184000000000000000000000000000000000000000000000000000000000000000000000000000000000000000000000000000000000000000000000000000013286000000000000000          000000000000000000000000000000000000000000000000  02000017
70000000000000000011550004908490115004DOC1840                  0049084900000016410000001   00000000000000 0106050719DOC1840                       050719000000020440023769450010807190000184000000000000000000000000000000000000000000000000000000000000000000000000000000000000000000000000000000000000000000000000000020440000000000000000          000000000000000000000000000000000000000000000000  02000018
70000000000000000011550004908490115004DOC1086                  0049084900000019210000001   00000000000000 0106050719DOC1086                       050719000000016940608510693010807190000184000000000000000000000000000000000000000000000000000000000000000000000000000000000000000000000000000000000000000000000000000016940600000000000000          000000000000000000000000000000000000000000000000  08000019
70000000000000000011550004908490115004DOC1841                  0049084900000016510000001   00000000000000 0106050719DOC1841                       050719000000024000034184832010807190000184000000000000000000000000000000000000000000000000000000000000000000000000000000000000000000000000000000000000000000000000000024000000000000000000          000000000000000000000000000000000000000000000000  09000020
70000000000000000011550004908490115004DOC1851                  0049084900000017510000001   00000000000000 0106050719DOC1851                       050719000000022000000124953010807190000184000000000000000000000000000000000000000000000000000000000000000000000000000000000000000000000000000000000000000000000000000022000000000000000000          000000000000000000000000000000000000000000000000  02000021
70000000000000000011550004908490115004DOC1089                  0049084900000019510000001   00000000000000 0106050719DOC1089                       050719000000013286000102763010807190000184000000000000000000000000000000000000000000000000000000000000000000000000000000000000000000000000000000000000000000000000000013286000000000000000          000000000000000000000000000000000000000000000000  02000022
70000000000000000011550004908490115004DOC1087                  0049084900000019310000001   00000000000000 0106050719DOC1087                       050719000000009709000102763010807190000184000000000000000000000000000000000000000000000000000000000000000000000000000000000000000000000000000000000000000000000000000009709000000000000000          000000000000000000000000000000000000000000000000  02000023
70000000000000000011550004908490115004DOC1839                  0049084900000016310000001   00000000000000 0106050719DOC1839                       050719000000022000000125453010807190000184000000000000000000000000000000000000000000000000000000000000000000000000000000000000000000000000000000000000000000000000000022000000000000000000          000000000000000000000000000000000000000000000000  02000024
9201001          000000290000000541029900000000          000000000000000000000000000000          000000000000000000000000000000          000000000000000000000000000000                                                  000000000000000000000000000000                                                                                                                                                   000025
