02RETORNO01COBRANCA       01155000490245000000PLANNER SERVICOS DE ADMINISTRA085COOPERATIVA DE 2707190000026                                          0115004                                                                                                                                                                                                                                              000001
70000000000000000011550004902450115004DOC316                   0049024500000252410000000   00000000000000 0102260719DOC316                        050819000000023000008501155010000000000000000000000000000000000000000000000000000000000000000000000000000000000000000000000000000000000000000000000000000000000000000000000000000000000000          000000000000000000000000000000000000000000000000  00000002
70000000000000000011550004902450115004DOC317                   0049024500000252510000000   00000000000000 0102260719DOC317                        240819000000027000008501155010000000000000000000000000000000000000000000000000000000000000000000000000000000000000000000000000000000000000000000000000000000000000000000000000000000000000          000000000000000000000000000000000000000000000000  00000003
70000000000000000011550004902450115004DOC318                   0049024500000252610000050   00000000000000 0102260719DOC318                        150819000000020000008501155010000000000000000000000000000000000000000000000000000000000000000000000000000000000000000000000000000000000000000000000000000000000000000000000000000000000000          000000000000000000000000000000000000000000000000  00000004
70000000000000000011550004902450115004DOC319                   0049024500000252710000000   00000000000000 0102260719DOC319                        050819000000020000008501155010000000000000000000000000000000000000000000000000000000000000000000000000000000000000000000000000000000000000000000000000000000000000000000000000000000000000          000000000000000000000000000000000000000000000000  00000005
70000000000000000011550004902450115004DOC320                   0049024500000252810000000   00000000000000 0102260719DOC320                        250819000000020000008501155010000000000000000000000000000000000000000000000000000000000000000000000000000000000000000000000000000000000000000000000000000000000000000000000000000000000000          000000000000000000000000000000000000000000000000  00000006
70000000000000000011550004902450115004DOC321                   0049024500000252910000000   00000000000000 0102260719DOC321                        150819000000028800008501155010000000000000000000000000000000000000000000000000000000000000000000000000000000000000000000000000000000000000000000000000000000000000000000000000000000000000          000000000000000000000000000000000000000000000000  00000007
70000000000000000011550004902450115004DOC322                   0049024500000253010000000   00000000000000 0102260719DOC322                        050819000000026900008501155010000000000000000000000000000000000000000000000000000000000000000000000000000000000000000000000000000000000000000000000000000000000000000000000000000000000000          000000000000000000000000000000000000000000000000  00000008
70000000000000000011550004902450115004DOC323                   0049024500000253110000000   00000000000000 0102260719DOC323                        250819000000026000008501155010000000000000000000000000000000000000000000000000000000000000000000000000000000000000000000000000000000000000000000000000000000000000000000000000000000000000          000000000000000000000000000000000000000000000000  00000009
70000000000000000011550004902450115004                         0011500400000252410000099   00000000000000 0103260719                              000000000000023000008501155990000000000000000000000000000000000000000000000000000000000000000000000000000000000000000000000000000000000000000000000000000000000000000000000000000000000000          000000000000000000000000000000000000000000000000  00000010
70000000000000000011550004902450115004                         0011500400000252510000099   00000000000000 0103260719                              000000000000027000008501155990000000000000000000000000000000000000000000000000000000000000000000000000000000000000000000000000000000000000000000000000000000000000000000000000000000000000          000000000000000000000000000000000000000000000000  00000011
70000000000000000011550004902450115004                         0011500400000252610000099   00000000000000 0103260719                              000000000000020000008501155990000000000000000000000000000000000000000000000000000000000000000000000000000000000000000000000000000000000000000000000000000000000000000000000000000000000000          000000000000000000000000000000000000000000000000  00000012
70000000000000000011550004902450115004                         0011500400000252710000099   00000000000000 0103260719                              000000000000020000008501155990000000000000000000000000000000000000000000000000000000000000000000000000000000000000000000000000000000000000000000000000000000000000000000000000000000000000          000000000000000000000000000000000000000000000000  00000013
70000000000000000011550004902450115004                         0011500400000252810000099   00000000000000 0103260719                              000000000000020000008501155990000000000000000000000000000000000000000000000000000000000000000000000000000000000000000000000000000000000000000000000000000000000000000000000000000000000000          000000000000000000000000000000000000000000000000  00000014
70000000000000000011550004902450115004                         0011500400000252910000099   00000000000000 0103260719                              000000000000028800008501155990000000000000000000000000000000000000000000000000000000000000000000000000000000000000000000000000000000000000000000000000000000000000000000000000000000000000          000000000000000000000000000000000000000000000000  00000015
70000000000000000011550004902450115004                         0011500400000253010000099   00000000000000 0103260719                              000000000000026900008501155990000000000000000000000000000000000000000000000000000000000000000000000000000000000000000000000000000000000000000000000000000000000000000000000000000000000000          000000000000000000000000000000000000000000000000  00000016
70000000000000000011550004902450115004                         0011500400000253110000099   00000000000000 0103260719                              000000000000026000008501155990000000000000000000000000000000000000000000000000000000000000000000000000000000000000000000000000000000000000000000000000000000000000000000000000000000000000          000000000000000000000000000000000000000000000000  00000017
9201001          000000130000000300500000000000          000000000000000000000000000000          000000000000000000000000000000          000000000000000000000000000000                                                  000000000000000000000000000000                                                                                                                                                   000018
