02RETORNO01COBRANCA       01155000466581000000PLANNER CONTABILIDADE E AUDITO085COOPERATIVA DE 0106190000044                                          0115004                                                                                                                                                                                                                                              000001
70000000000000000011550004665810115004DOC4897                  0046658100000049610000001   00000000000000 0106310519DOC4897                       050619000000002873808501155010306190000184000000000000000000000000000000000000000000000000000000000000000000000000000000000000000000000000000000000000000000000000000002873800000000000000          000000000000000000000000000000000000000000000000  08000002
70000000000000000011550004665810115004NFSE4414                 0046658100000004510000001   00000000000000 0106310519NFSE4414                      200419000000001262508501155010306190000184000000000000000000000000000000000000000000000000000000000000000000000000000000000000000051000000000000000000000000000000000001313500000000000000          000000000000000000000000000000000000000000000000  08000003
70000000000000000011550004665810115004NFSE4771                 0046658100000037010000000   00000000000000 0131310519NFSE4771                      100519000000001920008501155010000000000100000000000000000000000000000000000000000000000000000000000000032000000000000000000000000000000000000000000000000000000000000000000000000000000000          000000000000000000000000000000000000000000000000  00000004
70000000000000000011550004665810115004NFSE4771                 0046658100000037010000000   00000000000000 0110310519NFSE4771                      100519000000001920008501155010000000000100000000000000000000000000000000000000000000000000000000000000032000000000000000000000000000000000000000000000000000000000000000000000000000000000          000000000000000000000000000000000000000000000000  00000005
9201001          000002480000002763778200000000          000000000000000000000000000000          000000000000000000000000000000          000000000000000000000000000000                                                  000000000000000000000000000000                                                                                                                                                   000006
