02RETORNO01COBRANCA       01155000490318000000PLANNER INTELIGENCIA CONTABIL 085COOPERATIVA DE 0307190000049                                          0115004                                                                                                                                                                                                                                              000001
70000000000000000011550004903180115004DOC511                   0049031800000018310000001   00000000000000 0106020719DOC511                        100719000000003850034165706010307190000184000000000000000000000000000000000000000000000000000000000000000000000000000000000000000000000000000000000000000000000000000003850000000000000000          000000000000000000000000000000000000000000000000  02000002
9201001          000000640000000428558300000000          000000000000000000000000000000          000000000000000000000000000000          000000000000000000000000000000                                                  000000000000000000000000000000                                                                                                                                                   000003
