02RETORNO01COBRANCA       01155000466581000000PLANNER CONTABILIDADE E AUDITO085COOPERATIVA DE 0506190000046                                          0115004                                                                                                                                                                                                                                              000001
70000000000000000011550004665810115004DOC4855                  0046658100000045410000001   00000000000000 0106040619DOC4855                       050619000000005315823703670010506190000184000000000000000000000000000000000000000000000000000000000000000000000000000000000000000000000000000000000000000000000000000005315800000000000000          000000000000000000000000000000000000000000000000  02000002
70000000000000000011550004665810115004DOC5003                  0046658100000060210000001   00000000000000 0106040619DOC5003                       050619000000002200023703670010506190000184000000000000000000000000000000000000000000000000000000000000000000000000000000000000000000000000000000000000000000000000000002200000000000000000          000000000000000000000000000000000000000000000000  02000003
70000000000000000011550004665810115004DOC4960                  0046658100000055910000001   00000000000000 0106040619DOC4960                       050619000000002200010404235010506190000184000000000000000000000000000000000000000000000000000000000000000000000000000000000000000000000000000000000000000000000000000002200000000000000000          000000000000000000000000000000000000000000000000  07000004
70000000000000000011550004665810115004DOC4864                  0046658100000046310000001   00000000000000 0106040619DOC4864                       050619000000005065200102763010506190000184000000000000000000000000000000000000000000000000000000000000000000000000000000000000000000000000000000000000000000000000000005065200000000000000          000000000000000000000000000000000000000000000000  08000005
70000000000000000011550004665810115004NFSE4443                 0046658100000007410000090   00000000000000 0109040619NFSE4443                      050419000000000804708501155010000000000100000000000000000000000000000000000000000000000000000000000000000000000000000000000000000000000000000000000000000000000000000000000000000000000000          000000000000000000000000000000000000000000000000  00000006
70000000000000000011550004665810115004NFSE4445                 0046658100000007610000090   00000000000000 0109040619NFSE4445                      050419000000009196008501155010000000000100000000000000000000000000000000000000000000000000000000000000000000000000000000000000000000000000000000000000000000000000000000000000000000000000          000000000000000000000000000000000000000000000000  00000007
70000000000000000011550004665810115004NFSE4447                 0046658100000007810000090   00000000000000 0109040619NFSE4447                      050419000000002241408501155010000000000100000000000000000000000000000000000000000000000000000000000000000000000000000000000000000000000000000000000000000000000000000000000000000000000000          000000000000000000000000000000000000000000000000  00000008
70000000000000000011550004665810115004NFSE4449                 0046658100000008010000090   00000000000000 0109040619NFSE4449                      050419000000001149508501155010000000000100000000000000000000000000000000000000000000000000000000000000000000000000000000000000000000000000000000000000000000000000000000000000000000000000          000000000000000000000000000000000000000000000000  00000009
70000000000000000011550004665810115004NFSE4450                 0046658100000008110000090   00000000000000 0109040619NFSE4450                      050419000000027541608501155010000000000100000000000000000000000000000000000000000000000000000000000000000000000000000000000000000000000000000000000000000000000000000000000000000000000000          000000000000000000000000000000000000000000000000  00000010
70000000000000000011550004665810115004NFSE4452                 0046658100000008310000090   00000000000000 0109040619NFSE4452                      050419000000003149508501155010000000000100000000000000000000000000000000000000000000000000000000000000000000000000000000000000000000000000000000000000000000000000000000000000000000000000          000000000000000000000000000000000000000000000000  00000011
70000000000000000011550004665810115004NFSE4454                 0046658100000008510000090   00000000000000 0109040619NFSE4454                      050419000000001092508501155010000000000100000000000000000000000000000000000000000000000000000000000000000000000000000000000000000000000000000000000000000000000000000000000000000000000000          000000000000000000000000000000000000000000000000  00000012
70000000000000000011550004665810115004NFSE4464                 0046658100000009510000090   00000000000000 0109040619NFSE4464                      050419000000003300008501155010000000000100000000000000000000000000000000000000000000000000000000000000000000000000000000000000000000000000000000000000000000000000000000000000000000000000          000000000000000000000000000000000000000000000000  00000013
70000000000000000011550004665810115004NFSE4485                 0046658100000011610000090   00000000000000 0109040619NFSE4485                      050419000000004400008501155010000000000100000000000000000000000000000000000000000000000000000000000000000000000000000000000000000000000000000000000000000000000000000000000000000000000000          000000000000000000000000000000000000000000000000  00000014
70000000000000000011550004665810115004NFSE4490                 0046658100000012110000090   00000000000000 0109040619NFSE4490                      050419000000001980008501155010000000000100000000000000000000000000000000000000000000000000000000000000000000000000000000000000000000000000000000000000000000000000000000000000000000000000          000000000000000000000000000000000000000000000000  00000015
70000000000000000011550004665810115004NFSE4497                 0046658100000012810000090   00000000000000 0109040619NFSE4497                      050419000000000990008501155010000000000100000000000000000000000000000000000000000000000000000000000000000000000000000000000000000000000000000000000000000000000000000000000000000000000000          000000000000000000000000000000000000000000000000  00000016
70000000000000000011550004665810115004NFSE4499                 0046658100000013010000090   00000000000000 0109040619NFSE4499                      050419000000001650008501155010000000000100000000000000000000000000000000000000000000000000000000000000000000000000000000000000000000000000000000000000000000000000000000000000000000000000          000000000000000000000000000000000000000000000000  00000017
70000000000000000011550004665810115004NFSE4508                 0046658100000013910000090   00000000000000 0109040619NFSE4508                      050419000000000400008501155010000000000100000000000000000000000000000000000000000000000000000000000000000000000000000000000000000000000000000000000000000000000000000000000000000000000000          000000000000000000000000000000000000000000000000  00000018
70000000000000000011550004665810115004NFSE4517                 0046658100000014810000090   00000000000000 0109040619NFSE4517                      050419000000006600008501155010000000000100000000000000000000000000000000000000000000000000000000000000000000000000000000000000000000000000000000000000000000000000000000000000000000000000          000000000000000000000000000000000000000000000000  00000019
70000000000000000011550004665810115004NFSE4519                 0046658100000015010000090   00000000000000 0109040619NFSE4519                      050419000000010494008501155010000000000100000000000000000000000000000000000000000000000000000000000000000000000000000000000000000000000000000000000000000000000000000000000000000000000000          000000000000000000000000000000000000000000000000  00000020
70000000000000000011550004665810115004NFSE4527                 0046658100000015810000090   00000000000000 0109040619NFSE4527                      050419000000002400008501155010000000000100000000000000000000000000000000000000000000000000000000000000000000000000000000000000000000000000000000000000000000000000000000000000000000000000          000000000000000000000000000000000000000000000000  00000021
70000000000000000011550004665810115004NFSE4534                 0046658100000016510000090   00000000000000 0109040619NFSE4534                      050419000000006166608501155010000000000100000000000000000000000000000000000000000000000000000000000000000000000000000000000000000000000000000000000000000000000000000000000000000000000000          000000000000000000000000000000000000000000000000  00000022
9201001          000002160000002595194300000000          000000000000000000000000000000          000000000000000000000000000000          000000000000000000000000000000                                                  000000000000000000000000000000                                                                                                                                                   000023
