02RETORNO01COBRANCA       01155000490318000000PLANNER INTELIGENCIA CONTABIL 085COOPERATIVA DE 2006190000043                                          0115004                                                                                                                                                                                                                                              000001
70000000000000000011550004903180115004DOC474                   0049031800000014510000001   00000000000000 0106190619DOC474                        200619000000005247008501015012106190000100000000000000000000000000000000000000000000000000000000000000000000000000000000000000000000000000000000000000000000000000000005247000000000000000          000000000000000000000000000000000000000000000000  02000002
9201001          000000170000000133874400000000          000000000000000000000000000000          000000000000000000000000000000          000000000000000000000000000000                                                  000000000000000000000000000000                                                                                                                                                   000003
