02RETORNO01COBRANCA       01155000490849000000PLANNER SOLUCOES EMPRESARIAIS 085COOPERATIVA DE 0507190000055                                          0115004                                                                                                                                                                                                                                              000001
70000000000000000011550004908490115004DOC1085                  0049084900000019110000001   00000000000000 0106040719DOC1085                       050719000000015375075603530010507190000184000000000000000000000000000000000000000000000000000000000000000000000000000000000000000000000000000000000000000000000000000015375000000000000000          000000000000000000000000000000000000000000000000  08000002
70000000000000000011550004908490115004DOC1080                  0049084900000018610000001   00000000000000 0106040719DOC1080                       050719000000023013700102763010507190000184000000000000000000000000000000000000000000000000000000000000000000000000000000000000000000000000000000000000000000000000000023013700000000000000          000000000000000000000000000000000000000000000000  02000003
70000000000000000011550004908490115004NFSE1812                 0049084900000012510000001   00000000000000 0106040719NFSE1812                      280619000000025000000102763010507190000184000000000000000000000000000000000000000000000000000000000000000000000000000000000000000575000000000000000000000000000000000025575000000000000000          000000000000000000000000000000000000000000000000  02000004
70000000000000000011550004908490115004NFSE1761                 0049084900000006510000090   00000000000000 0109040719NFSE1761                      050519000000026000008501155010000000000100000000000000000000000000000000000000000000000000000000000000000000000000000000000000000000000000000000000000000000000000000000000000000000000000          000000000000000000000000000000000000000000000000  00000005
70000000000000000011550004908490115004NFSE1776                 0049084900000008010000090   00000000000000 0109040719NFSE1776                      050519000000003000008501155010000000000100000000000000000000000000000000000000000000000000000000000000000000000000000000000000000000000000000000000000000000000000000000000000000000000000          000000000000000000000000000000000000000000000000  00000006
9201001          000000520000000952669700000000          000000000000000000000000000000          000000000000000000000000000000          000000000000000000000000000000                                                  000000000000000000000000000000                                                                                                                                                   000007
