02RETORNO01COBRANCA       01155000490849000000PLANNER SOLUCOES EMPRESARIAIS 085COOPERATIVA DE 1106190000042                                          0115004                                                                                                                                                                                                                                              000001
70000000000000000011550004908490115004NFSE1787                 0049084900000010010000001   00000000000000 0106100619NFSE1787                      100619000000012219734184832011106190000184000000000000000000000000000000000000000000000000000000000000000000000000000000000000000000000000000000000000000000000000000012219700000000000000          000000000000000000000000000000000000000000000000  09000002
70000000000000000011550004908490115004DOC1825                  0049084900000015010000001   00000000000000 0106100619DOC1825                       100619000000003900034110081011106190000184000000000000000000000000000000000000000000000000000000000000000000000000000000000000000000000000000000000000000000000000000003900000000000000000          000000000000000000000000000000000000000000000000  09000003
70000000000000000011550004908490115004NFSE1815                 0049084900000012810000001   00000000000000 0106100619NFSE1815                      100619000000025000075630341011106190000184000000000000000000000000000000000000000000000000000000000000000000000000000000000000000000000000000000000000000000000000000025000000000000000000          000000000000000000000000000000000000000000000000  02000004
70000000000000000011550004908490115004DOC1822                  0049084900000014510000001   00000000000000 0106100619DOC1822                       100619000000011250023703603011106190000184000000000000000000000000000000000000000000000000000000000000000000000000000000000000000000000000000000000000000000000000000011250000000000000000          000000000000000000000000000000000000000000000000  02000005
70000000000000000011550004908490115004DOC1819                  0049084900000014310000001   00000000000000 0106100619DOC1819                       100619000000019178200124953011106190000184000000000000000000000000000000000000000000000000000000000000000000000000000000000000000000000000000000000000000000000000000019178200000000000000          000000000000000000000000000000000000000000000000  02000006
70000000000000000011550004908490115004NFSE1708-2               0049084900000001010000090   00000000000000 0109100619NFSE1708-2                    090419000000025550008501155010000000000100000000000000000000000000000000000000000000000000000000000000000000000000000000000000000000000000000000000000000000000000000000000000000000000000          000000000000000000000000000000000000000000000000  00000007
9201001          000000220000000406050600000000          000000000000000000000000000000          000000000000000000000000000000          000000000000000000000000000000                                                  000000000000000000000000000000                                                                                                                                                   000008
