02RETORNO01COBRANCA       01155000466581000000PLANNER CONTABILIDADE E AUDITO085COOPERATIVA DE 2808190000099                                          0115004                                                                                                                                                                                                                                              000001
70000000000000000011550004665810115004DOC5278                  0046658100000085110000001   00000000000000 0106270819DOC5278                       150819000000001668708501155012808190000100000000000000000000000000000000000000000000000000000000000000000000000000000000000000000043300000000000000000000000000000000001712000000000000000          000000000000000000000000000000000000000000000000  02000002
9201001          000000630000000404018100000000          000000000000000000000000000000          000000000000000000000000000000          000000000000000000000000000000                                                  000000000000000000000000000000                                                                                                                                                   000003
