02RETORNO01COBRANCA       01155000490318000000PLANNER INTELIGENCIA CONTABIL 085COOPERATIVA DE 0706190000034                                          0115004                                                                                                                                                                                                                                              000001
70000000000000000011550004903180115004DOC480                   0049031800000015110000001   00000000000000 0106060619DOC480                        100619000000000450023729270010706190000184000000000000000000000000000000000000000000000000000000000000000000000000000000000000000000000000000000000000000000000000000000450000000000000000          000000000000000000000000000000000000000000000000  02000002
70000000000000000011550004903180115004DOC469                   0049031800000014010000001   00000000000000 0106060619DOC469                        100619000000002562508501015010706190000100000000000000000000000000000000000000000000000000000000000000000000000000000000000000000000000000000000000000000000000000000002562500000000000000          000000000000000000000000000000000000000000000000  02000003
70000000000000000011550004903180115004DOC476                   0049031800000014710000001   00000000000000 0106060619DOC476                        050619000000003500008501015010706190000100000000000000000000000000000000000000000000000000000000000000000000000000000000000000000071700000000000000000000000000000000003571700000000000000          000000000000000000000000000000000000000000000000  02000004
9201001          000000540000000402023400000000          000000000000000000000000000000          000000000000000000000000000000          000000000000000000000000000000                                                  000000000000000000000000000000                                                                                                                                                   000005
