02RETORNO01COBRANCA       01155000466581000000PLANNER CONTABILIDADE E AUDITO085COOPERATIVA DE 2607190000077                                          0115004                                                                                                                                                                                                                                              000001
70000000000000000011550004665810115004                         0046658100000018310000099   00000000000000 0103250719                              000000000000281160008501155990000000000000000000000000000000000000000000000000000000000000000000000000000000000000000000000000000000000000000000000000000000000000000000000000000000000000          000000000000000000000000000000000000000000000000  00000002
9201001          000000670000000372278800000000          000000000000000000000000000000          000000000000000000000000000000          000000000000000000000000000000                                                  000000000000000000000000000000                                                                                                                                                   000003
