02RETORNO01COBRANCA       01155000466581000000PLANNER CONTABILIDADE E AUDITO085COOPERATIVA DE 1008190000088                                          0115004                                                                                                                                                                                                                                              000001
70000000000000000011550004665810115004DOC5360                  0046658100000093310000001   00000000000000 0106090819DOC5360                       100819000000003500000106963011208190000184000000000000000000000000000000000000000000000000000000000000000000000000000000000000000000000000000000000000000000000000000003500000000000000000          000000000000000000000000000000000000000000000000  01000002
70000000000000000011550004665810115004DOC5194                  0046658100000077010000001   00000000000000 0106090819DOC5194                       090819000000002000000102763011208190000184000000000000000000000000000000000000000000000000000000000000000000000000000000000000000000000000000000000000000000000000000002000000000000000000          000000000000000000000000000000000000000000000000  01000003
70000000000000000011550004665810115004DOC4885                  0046658100000048410000090   00000000000000 0109090819DOC4885                       100619000000004686008501155010000000000100000000000000000000000000000000000000000000000000000000000000000000000000000000000000000000000000000000000000000000000000000000000000000000000000          000000000000000000000000000000000000000000000000  00000004
70000000000000000011550004665810115004DOC4888                  0046658100000048710000090   00000000000000 0109090819DOC4888                       100619000000003787508501155010000000000100000000000000000000000000000000000000000000000000000000000000000000000000000000000000000000000000000000000000000000000000000000000000000000000000          000000000000000000000000000000000000000000000000  00000005
70000000000000000011550004665810115004DOC4890                  0046658100000048910000090   00000000000000 0109090819DOC4890                       100619000000001009908501155010000000000100000000000000000000000000000000000000000000000000000000000000000000000000000000000000000000000000000000000000000000000000000000000000000000000000          000000000000000000000000000000000000000000000000  00000006
70000000000000000011550004665810115004DOC5005                  0046658100000060410000090   00000000000000 0109090819DOC5005                       100619000000002500008501155010000000000100000000000000000000000000000000000000000000000000000000000000000000000000000000000000000000000000000000000000000000000000000000000000000000000000          000000000000000000000000000000000000000000000000  00000007
9201001          000001160000000892506200000000          000000000000000000000000000000          000000000000000000000000000000          000000000000000000000000000000                                                  000000000000000000000000000000                                                                                                                                                   000008
