02RETORNO01COBRANCA       01155000490849000000PLANNER SOLUCOES EMPRESARIAIS 085COOPERATIVA DE 1308190000075                                          0115004                                                                                                                                                                                                                                              000001
70000000000000000011550004908490115004DOC1894                  0049084900000023010000001   00000000000000 0106120819DOC1894                       100819000000025000075673431011308190000184000000000000000000000000000000000000000000000000000000000000000000000000000000000000000000000000000000000000000000000000000025000000000000000000          000000000000000000000000000000000000000000000000  08000002
70000000000000000011550004908490115004DOC1868                  0049084900000020410000001   00000000000000 0106120819DOC1868                       100819000000012219734184832011308190000184000000000000000000000000000000000000000000000000000000000000000000000000000000000000000000000000000000000000000000000000000012219700000000000000          000000000000000000000000000000000000000000000000  09000003
70000000000000000011550004908490115004DOC1102                  0049084900000023910000001   00000000000000 0106120819DOC1102                       120819000000005864823703670011308190000184000000000000000000000000000000000000000000000000000000000000000000000000000000000000000000000000000000000000000000000000000005864800000000000000          000000000000000000000000000000000000000000000000  02000004
70000000000000000011550004908490115004DOC1867                  0049084900000020310000001   00000000000000 0106120819DOC1867                       100819000000012785400124953011308190000184000000000000000000000000000000000000000000000000000000000000000000000000000000000000000000000000000000000000000000000000000012785400000000000000          000000000000000000000000000000000000000000000000  02000005
70000000000000000011550004908490115004DOC1101                  0049084900000023810000001   00000000000000 0106120819DOC1101                       100819000000019782600136331011308190000184000000000000000000000000000000000000000000000000000000000000000000000000000000000000000000000000000000000000000000000000000019782600000000000000          000000000000000000000000000000000000000000000000  05000006
70000000000000000011550004908490115004DOC1893                  0049084900000022910000001   00000000000000 0106120819DOC1893                       100819000000012000010404235011308190000184000000000000000000000000000000000000000000000000000000000000000000000000000000000000000000000000000000000000000000000000000012000000000000000000          000000000000000000000000000000000000000000000000  02000007
9201001          000000220000000514548900000000          000000000000000000000000000000          000000000000000000000000000000          000000000000000000000000000000                                                  000000000000000000000000000000                                                                                                                                                   000008
