02RETORNO01COBRANCA       01155000490849000000PLANNER SOLUCOES EMPRESARIAIS 085COOPERATIVA DE 3007190000066                                          0115004                                                                                                                                                                                                                                              000001
70000000000000000011550004908490115004DOC1854                  0049084900000017810000001   00000000000000 0106290719DOC1854                       280719000000025000000102763013007190000184000000000000000000000000000000000000000000000000000000000000000000000000000000000000000000000000000000000000000000000000000025000000000000000000          000000000000000000000000000000000000000000000000  02000002
9201001          000000100000000198506400000000          000000000000000000000000000000          000000000000000000000000000000          000000000000000000000000000000                                                  000000000000000000000000000000                                                                                                                                                   000003
