02RETORNO01COBRANCA       01155000490318000000PLANNER INTELIGENCIA CONTABIL 085COOPERATIVA DE 0806190000035                                          0115004                                                                                                                                                                                                                                              000001
70000000000000000011550004903180115004DOC479                   0049031800000015010000001   00000000000000 0106070619DOC479                        070619000000004600023703816011006190000184000000000000000000000000000000000000000000000000000000000000000000000000000000000000000000000000000000000000000000000000000004600000000000000000          000000000000000000000000000000000000000000000000  02000002
70000000000000000011550004903180115004DOC453                   0049031800000012410000001   00000000000000 0106070619DOC453                        100619000000000560008501015011006190000100000000000000000000000000000000000000000000000000000000000000000000000000000000000000000000000000000000000000000000000000000000560000000000000000          000000000000000000000000000000000000000000000000  02000003
70000000000000000011550004903180115004DOC477                   0049031800000014810000001   00000000000000 0106070619DOC477                        220619000000003500008501015011006190000100000000000000000000000000000000000000000000000000000000000000000000000000000000000000000000000000000000000000000000000000000003500000000000000000          000000000000000000000000000000000000000000000000  02000004
70000000000000000011550004903180115004DOC446-1                 0049031800000011610000001   00000000000000 0106070619DOC446-1                      100619000000014850008501015011006190000100000000000000000000000000000000000000000000000000000000000000000000000000000000000000000000000000000000000000000000000000000014850000000000000000          000000000000000000000000000000000000000000000000  02000005
9201001          000000500000000378513400000000          000000000000000000000000000000          000000000000000000000000000000          000000000000000000000000000000                                                  000000000000000000000000000000                                                                                                                                                   000006
