02RETORNO01COBRANCA       01155000466581000000PLANNER CONTABILIDADE E AUDITO085COOPERATIVA DE 3007190000079                                          0115004                                                                                                                                                                                                                                              000001
70000000000000000011550004665810115004DOC5176                  0046658100000075210000001   00000000000000 0106290719DOC5176                       050719000000009000010444407013007190000184000000000000000000000000000000000000000000000000000000000000000000000000000000000000000288000000000000000000000000000000000009288000000000000000          000000000000000000000000000000000000000000000000  02000002
70000000000000000011550004665810115004NFSE4786                 0046658100000038510000090   00000000000000 0109290719NFSE4786                      280519000000003600008501155010000000000100000000000000000000000000000000000000000000000000000000000000000000000000000000000000000000000000000000000000000000000000000000000000000000000000          000000000000000000000000000000000000000000000000  00000003
9201001          000002220000001630013300000000          000000000000000000000000000000          000000000000000000000000000000          000000000000000000000000000000                                                  000000000000000000000000000000                                                                                                                                                   000004
