02RETORNO01COBRANCA       01155000490318000000PLANNER INTELIGENCIA CONTABIL 085COOPERATIVA DE 1907190000058                                          0115004                                                                                                                                                                                                                                              000001
70000000000000000011550004903180115004DOC525                   0049031800000019710000001   00000000000000 0106180719DOC525                        200719000000005247008501015011907190000100000000000000000000000000000000000000000000000000000000000000000000000000000000000000000000000000000000000000000000000000000005247000000000000000          000000000000000000000000000000000000000000000000  02000002
9201001          000000190000000134832600000000          000000000000000000000000000000          000000000000000000000000000000          000000000000000000000000000000                                                  000000000000000000000000000000                                                                                                                                                   000003
