02RETORNO01COBRANCA       01155000490245000000PLANNER SERVICOS DE ADMINISTRA085COOPERATIVA DE 0507190000023                                          0115004                                                                                                                                                                                                                                              000001
70000000000000000011550004902450115004DOC315                   0049024500000003110000001   00000000000000 0106040719DOC315                        050719000000026900023703514010507190000184000000000000000000000000000000000000000000000000000000000000000000000000000000000000000000000000000000000000000000000000000026900000000000000000          000000000000000000000000000000000000000000000000  02000002
70000000000000000011550004902450115004NFSE301                  0049024500000001710000090   00000000000000 0109040719NFSE301                       050519000000020000008501155010000000000100000000000000000000000000000000000000000000000000000000000000000000000000000000000000000000000000000000000000000000000000000000000000000000000000          000000000000000000000000000000000000000000000000  00000003
9201001          000000070000000164200000000000          000000000000000000000000000000          000000000000000000000000000000          000000000000000000000000000000                                                  000000000000000000000000000000                                                                                                                                                   000004
