02RETORNO01COBRANCA       01155000490849000000PLANNER SOLUCOES EMPRESARIAIS 085COOPERATIVA DE 2307190000063                                          0115004                                                                                                                                                                                                                                              000001
70000000000000000011550004908490115004DOC1847                  0049084900000017110000001   00000000000000 0106220719DOC1847                       230719000000005534823703670012307190000184000000000000000000000000000000000000000000000000000000000000000000000000000000000000000000000000000000000000000000000000000005534800000000000000          000000000000000000000000000000000000000000000000  02000002
9201001          000000120000000215075600000000          000000000000000000000000000000          000000000000000000000000000000          000000000000000000000000000000                                                  000000000000000000000000000000                                                                                                                                                   000003
