02RETORNO01COBRANCA       01155000490849000000PLANNER SOLUCOES EMPRESARIAIS 085COOPERATIVA DE 2007190000062                                          0115004                                                                                                                                                                                                                                              000001
70000000000000000011550004908490115004NFSE1813                 0049084900000012610000001   00000000000000 0106190719NFSE1813                      100619000000012000008501155012207190000100000000000000000000000000000000000000000000000000000000000000000000000000000000000000000474000000000000000000000000000000000012474000000000000000          000000000000000000000000000000000000000000000000  02000002
9201001          000000130000000220610400000000          000000000000000000000000000000          000000000000000000000000000000          000000000000000000000000000000                                                  000000000000000000000000000000                                                                                                                                                   000003
