02RETORNO01COBRANCA       01155000490318000000PLANNER INTELIGENCIA CONTABIL 085COOPERATIVA DE 1608190000072                                          0115004                                                                                                                                                                                                                                              000001
70000000000000000011550004903180115004DOC587                   0049031800000025910000001   00000000000000 0106150819DOC587                        150819000000023500004105150011608190000184000000000000000000000000000000000000000000000000000000000000000000000000000000000000000000000000000000000000000000000000000023500000000000000000          000000000000000000000000000000000000000000000000  02000002
70000000000000000011550004903180115004DOC577                   0049031800000024910000001   00000000000000 0106150819DOC577                        150819000000004400008501015011608190000100000000000000000000000000000000000000000000000000000000000000000000000000000000000000000000000000000000000000000000000000000004400000000000000000          000000000000000000000000000000000000000000000000  02000003
70000000000000000011550004903180115004DOC550                   0049031800000022210000001   00000000000000 0106150819DOC550                        150819000000002750008501066011608190000100000000000000000000000000000000000000000000000000000000000000000000000000000000000000000000000000000000000000000000000000000002750000000000000000          000000000000000000000000000000000000000000000000  02000004
70000000000000000011550004903180115004DOC559                   0049031800000023110000000   00000000000000 0114150819DOC559                        160819000000002799908501155010000000000100000000000000000000000000000000000000000000000000000000000000000000000000000000000000000000000000000000000000000000000000000000000000000000000000          000000000000000000000000000000000000000000000000  00000005
9201001          000000240000000126481700000000          000000000000000000000000000000          000000000000000000000000000000          000000000000000000000000000000                                                  000000000000000000000000000000                                                                                                                                                   000006
