02RETORNO01COBRANCA       01155000490849000000PLANNER SOLUCOES EMPRESARIAIS 085COOPERATIVA DE 1306190000043                                          0115004                                                                                                                                                                                                                                              000001
70000000000000000011550004908490115004DOC1079                  0049084900000014710000001   00000000000000 0106120619DOC1079                       120619000000012462723703670011306190000184000000000000000000000000000000000000000000000000000000000000000000000000000000000000000000000000000000000000000000000000000012462700000000000000          000000000000000000000000000000000000000000000000  02000002
9201001          000000210000000393587900000000          000000000000000000000000000000          000000000000000000000000000000          000000000000000000000000000000                                                  000000000000000000000000000000                                                                                                                                                   000003
