02RETORNO01COBRANCA       01155000490245000000PLANNER SERVICOS DE ADMINISTRA085COOPERATIVA DE 1806190000019                                          0115004                                                                                                                                                                                                                                              000001
70000000000000000011550004902450115004NFSE305                  0049024500000002110000001   00000000000000 0106170619NFSE305                       150619000000020000075630341011806190000184000000000000000000000000000000000000000000000000000000000000000000000000000000000000000000000000000000000000000000000000000020000000000000000000          000000000000000000000000000000000000000000000000  02000002
9201001          000000050000000115800000000000          000000000000000000000000000000          000000000000000000000000000000          000000000000000000000000000000                                                  000000000000000000000000000000                                                                                                                                                   000003
