02RETORNO01COBRANCA       01155000466581000000PLANNER CONTABILIDADE E AUDITO085COOPERATIVA DE 2007190000075                                          0115004                                                                                                                                                                                                                                              000001
70000000000000000011550004665810115004DOC4976                  0046658100000057510000001   00000000000000 0106190719DOC4976                       190719000000001320010404235012207190000184000000000000000000000000000000000000000000000000000000000000000000000000000000000000000000000000000000000000000000000000000001320000000000000000          000000000000000000000000000000000000000000000000  07000002
70000000000000000011550004665810115004DOC4985                  0046658100000058410000001   00000000000000 0106190719DOC4985                       190719000000001320010404235012207190000184000000000000000000000000000000000000000000000000000000000000000000000000000000000000000000000000000000000000000000000000000001320000000000000000          000000000000000000000000000000000000000000000000  07000003
70000000000000000011550004665810115004NFSE4587                 0046658100000020710000090   00000000000000 0109190719NFSE4587                      200519000000010731308501155010000000000100000000000000000000000000000000000000000000000000000000000000000000000000000000000000000000000000000000000000000000000000000000000000000000000000          000000000000000000000000000000000000000000000000  00000004
70000000000000000011550004665810115004NFSE4603                 0046658100000022310000090   00000000000000 0109190719NFSE4603                      200519000000010731308501155010000000000100000000000000000000000000000000000000000000000000000000000000000000000000000000000000000000000000000000000000000000000000000000000000000000000000          000000000000000000000000000000000000000000000000  00000005
70000000000000000011550004665810115004NFSE4604                 0046658100000022410000090   00000000000000 0109190719NFSE4604                      200519000000001262508501155010000000000100000000000000000000000000000000000000000000000000000000000000000000000000000000000000000000000000000000000000000000000000000000000000000000000000          000000000000000000000000000000000000000000000000  00000006
70000000000000000011550004665810115004NFSE4766                 0046658100000036510000090   00000000000000 0109190719NFSE4766                      200519000000006048008501155010000000000100000000000000000000000000000000000000000000000000000000000000000000000000000000000000000000000000000000000000000000000000000000000000000000000000          000000000000000000000000000000000000000000000000  00000007
70000000000000000011550004665810115004DOC5016                  0046658100000061510000000   00000000000000 0110190719DOC5016                       050619000000022000008501155010000000000100000000000000000000000000000000000000000000000000000000000000000000000000000000000000000000000000000000000000000000000000000000000000000000000000          000000000000000000000000000000000000000000000000  00000008
9201001          000000680000000378026300000000          000000000000000000000000000000          000000000000000000000000000000          000000000000000000000000000000                                                  000000000000000000000000000000                                                                                                                                                   000009
