02RETORNO01COBRANCA       01155000466581000000PLANNER CONTABILIDADE E AUDITO085COOPERATIVA DE 1206190000051                                          0115004                                                                                                                                                                                                                                              000001
70000000000000000011550004665810115004DOC4964                  0046658100000056310000001   00000000000000 0106110619DOC4964                       050619000000001650008501155011206190000100000000000000000000000000000000000000000000000000000000000000000000000000000000000000000037900000000000000000000000000000000001687900000000000000          000000000000000000000000000000000000000000000000  02000002
70000000000000000011550004665810115004NFSE4582                 0046658100000020210000001   00000000000000 0106110619NFSE4582                      110619000000010943575630341011206190000184000000000000000000000000000000000000000000000000000000000000000000000000000000000000000000000000000000000000000000000000000010943500000000000000          000000000000000000000000000000000000000000000000  02000003
70000000000000000011550004665810115004DOC4971                  0046658100000057010000001   00000000000000 0106110619DOC4971                       110619000000000800074859021011206190000184000000000000000000000000000000000000000000000000000000000000000000000000000000000000000016400000000000000000000000000000000000816400000000000000          000000000000000000000000000000000000000000000000  02000004
70000000000000000011550004665810115004DOC4918                  0046658100000051710000001   00000000000000 0106110619DOC4918                       120619000000002299008501066011206190000100000000000000000000000000000000000000000000000000000000000000000000000000000000000000000000000000000000000000000000000000000002299000000000000000          000000000000000000000000000000000000000000000000  02000005
70000000000000000011550004665810115004NFSE4407                 0046658100000003810000090   00000000000000 0109110619NFSE4407                      100419000000004686008501155010000000000100000000000000000000000000000000000000000000000000000000000000000000000000000000000000000000000000000000000000000000000000000000000000000000000000          000000000000000000000000000000000000000000000000  00000006
70000000000000000011550004665810115004NFSE4410                 0046658100000004110000090   00000000000000 0109110619NFSE4410                      100419000000003787508501155010000000000100000000000000000000000000000000000000000000000000000000000000000000000000000000000000000000000000000000000000000000000000000000000000000000000000          000000000000000000000000000000000000000000000000  00000007
70000000000000000011550004665810115004NFSE4412                 0046658100000004310000090   00000000000000 0109110619NFSE4412                      100419000000001009908501155010000000000100000000000000000000000000000000000000000000000000000000000000000000000000000000000000000000000000000000000000000000000000000000000000000000000000          000000000000000000000000000000000000000000000000  00000008
70000000000000000011550004665810115004NFSE4542                 0046658100000017310000090   00000000000000 0109110619NFSE4542                      100419000000002500008501155010000000000100000000000000000000000000000000000000000000000000000000000000000000000000000000000000000000000000000000000000000000000000000000000000000000000000          000000000000000000000000000000000000000000000000  00000009
70000000000000000011550004665810115004DOC4971                  0046658100000057010000000   00000000000000 0114110619DOC4971                       110619000000000800008501155010000000000100000000000000000000000000000000000000000000000000000000000000000000000000000000000000000000000000000000000000000000000000000000000000000000000000          000000000000000000000000000000000000000000000000  00000010
70000000000000000011550004665810115004NFSE4582                 0046658100000020210000000   00000000000000 0114110619NFSE4582                      110619000000010943508501155010000000000100000000000000000000000000000000000000000000000000000000000000000000000000000000000000000000000000000000000000000000000000000000000000000000000000          000000000000000000000000000000000000000000000000  00000011
9201001          000001190000001807911200000000          000000000000000000000000000000          000000000000000000000000000000          000000000000000000000000000000                                                  000000000000000000000000000000                                                                                                                                                   000012
