02RETORNO01COBRANCA       01155000490849000000PLANNER SOLUCOES EMPRESARIAIS 085COOPERATIVA DE 0406190000038                                          0115004                                                                                                                                                                                                                                              000001
70000000000000000011550004908490115004DOC1065                  0049084900000013310000001   00000000000000 0106030619DOC1065                       050619000000015375075603530010406190000184000000000000000000000000000000000000000000000000000000000000000000000000000000000000000000000000000000000000000000000000000015375000000000000000          000000000000000000000000000000000000000000000000  08000002
9201001          000000540000000990115300000000          000000000000000000000000000000          000000000000000000000000000000          000000000000000000000000000000                                                  000000000000000000000000000000                                                                                                                                                   000003
