02RETORNO01COBRANCA       01155000490849000000PLANNER SOLUCOES EMPRESARIAIS 085COOPERATIVA DE 0506190000039                                          0115004                                                                                                                                                                                                                                              000001
70000000000000000011550004908490115004NFSE1722                 0049084900000002410000090   00000000000000 0109040619NFSE1722                      050419000000026000008501155010000000000100000000000000000000000000000000000000000000000000000000000000000000000000000000000000000000000000000000000000000000000000000000000000000000000000          000000000000000000000000000000000000000000000000  00000002
70000000000000000011550004908490115004NFSE1730                 0049084900000003210000090   00000000000000 0109040619NFSE1730                      050419000000045000008501155010000000000100000000000000000000000000000000000000000000000000000000000000000000000000000000000000000000000000000000000000000000000000000000000000000000000000          000000000000000000000000000000000000000000000000  00000003
9201001          000000540000000990115300000000          000000000000000000000000000000          000000000000000000000000000000          000000000000000000000000000000                                                  000000000000000000000000000000                                                                                                                                                   000004
