02RETORNO01COBRANCA       01155000490849000000PLANNER SOLUCOES EMPRESARIAIS 085COOPERATIVA DE 1307190000059                                          0115004                                                                                                                                                                                                                                              000001
70000000000000000011550004908490115004DOC1083                  0049084900000018910000001   00000000000000 0106120719DOC1083                       120719000000005864823703670011507190000184000000000000000000000000000000000000000000000000000000000000000000000000000000000000000000000000000000000000000000000000000005864800000000000000          000000000000000000000000000000000000000000000000  02000002
70000000000000000011550004908490115004DOC1082                  0049084900000018810000000   00000000000000 0114120719DOC1082                       150719000000019782608501155010000000000100000000000000000000000000000000000000000000000000000000000000000000000000000000000000000000000000000000000000000000000000000000000000000000000000          000000000000000000000000000000000000000000000000  00000003
9201001          000000210000000406933400000000          000000000000000000000000000000          000000000000000000000000000000          000000000000000000000000000000                                                  000000000000000000000000000000                                                                                                                                                   000004
