02RETORNO01COBRANCA       01155000490245000000PLANNER SERVICOS DE ADMINISTRA085COOPERATIVA DE 0108190000027                                          0115004                                                                                                                                                                                                                                              000001
70000000000000000011550004902450115004DOC314                   0049024500000003010000001   00000000000000 0106310719DOC314                        150719000000028800008501015010108190000100000000000000000000000000000000000000000000000000000000000000000000000000000000000000000806400000000000000000000000000000000029606400000000000000          000000000000000000000000000000000000000000000000  02000002
9201001          000000120000000271700000000000          000000000000000000000000000000          000000000000000000000000000000          000000000000000000000000000000                                                  000000000000000000000000000000                                                                                                                                                   000003
