02RETORNO01COBRANCA       01155000490245000000PLANNER SERVICOS DE ADMINISTRA085COOPERATIVA DE 2708190000033                                          0115004                                                                                                                                                                                                                                              000001
70000000000000000011550004902450115004DOC320                   0049024500000252810000001   00000000000000 0106260819DOC320                        250819000000020000034184832012708190000184000000000000000000000000000000000000000000000000000000000000000000000000000000000000000000000000000000000000000000000000000020000000000000000000          000000000000000000000000000000000000000000000000  09000002
70000000000000000011550004902450115004DOC323                   0049024500000253110000001   00000000000000 0106260819DOC323                        260819000000026000000102763012708190000184000000000000000000000000000000000000000000000000000000000000000000000000000000000000000000000000000000000000000000000000000026000000000000000000          000000000000000000000000000000000000000000000000  02000003
70000000000000000011550004902450115004DOC317                   0049024500000252510000001   00000000000000 0106260819DOC317                        260819000000027000008501015012708190000100000000000000000000000000000000000000000000000000000000000000000000000000000000000000000000000000000000000000000000000000000027000000000000000000          000000000000000000000000000000000000000000000000  02000004
70000000000000000011550004902450115004NFSE308                  0049024500000002410000090   00000000000000 0109260819NFSE308                       250619000000020000008501155010000000000100000000000000000000000000000000000000000000000000000000000000000000000000000000000000000000000000000000000000000000000000000000000000000000000000          000000000000000000000000000000000000000000000000  00000005
70000000000000000011550004902450115004DOC317                   0049024500000252510000000   00000000000000 0114260819DOC317                        260819000000027000008501155010000000000100000000000000000000000000000000000000000000000000000000000000000000000000000000000000000000000000000000000000000000000000000000000000000000000000          000000000000000000000000000000000000000000000000  00000006
70000000000000000011550004902450115004DOC323                   0049024500000253110000000   00000000000000 0114260819DOC323                        260819000000026000008501155010000000000100000000000000000000000000000000000000000000000000000000000000000000000000000000000000000000000000000000000000000000000000000000000000000000000000          000000000000000000000000000000000000000000000000  00000007
9201001          000000040000000095700000000000          000000000000000000000000000000          000000000000000000000000000000          000000000000000000000000000000                                                  000000000000000000000000000000                                                                                                                                                   000008
