02RETORNO01COBRANCA       01155000490849000000PLANNER SOLUCOES EMPRESARIAIS 085COOPERATIVA DE 2706190000050                                          0115004                                                                                                                                                                                                                                              000001
70000000000000000011550004908490115004NFSE1805                 0049084900000011810000001   00000000000000 0106260619NFSE1805                      100619000000025000023769450012706190000184000000000000000000000000000000000000000000000000000000000000000000000000000000000000000700000000000000000000000000000000000025700000000000000000          000000000000000000000000000000000000000000000000  02000002
9201001          000000110000000165304300000000          000000000000000000000000000000          000000000000000000000000000000          000000000000000000000000000000                                                  000000000000000000000000000000                                                                                                                                                   000003
