02RETORNO01COBRANCA       01155000466581000000PLANNER CONTABILIDADE E AUDITO085COOPERATIVA DE 2008190000094                                          0115004                                                                                                                                                                                                                                              000001
70000000000000000011550004665810115004DOC5301                  0046658100000087410000001   00000000000000 0106190819DOC5301                       200819000000002750008501155012008190000100000000000000000000000000000000000000000000000000000000000000000000000000000000000000000000000000000000000000000000000000000002750000000000000000          000000000000000000000000000000000000000000000000  02000002
9201001          000000720000000499808600000000          000000000000000000000000000000          000000000000000000000000000000          000000000000000000000000000000                                                  000000000000000000000000000000                                                                                                                                                   000003
