02RETORNO01COBRANCA       01155000490245000000PLANNER SERVICOS DE ADMINISTRA085COOPERATIVA DE 3105190000015                                          0115004                                                                                                                                                                                                                                              000001
70000000000000000011550004902450115004NFSE300                  0049024500000001610000001   00000000000000 0106300519NFSE300                       300519000000018000075630341013105190000184000000000000000000000000000000000000000000000000000000000000000000000000000000000000000000000000000000000000000000000000000018000000000000000000          000000000000000000000000000000000000000000000000  02000002
70000000000000000011550004902450115004NFSE300                  0049024500000001610000000   00000000000000 0114300519NFSE300                       300519000000018000008501155010000000000100000000000000000000000000000000000000000000000000000000000000000000000000000000000000000000000000000000000000000000000000000000000000000000000000          000000000000000000000000000000000000000000000000  00000003
9201001          000000090000000164400000000000          000000000000000000000000000000          000000000000000000000000000000          000000000000000000000000000000                                                  000000000000000000000000000000                                                                                                                                                   000004
