02RETORNO01COBRANCA       01155000490318000000PLANNER INTELIGENCIA CONTABIL 085COOPERATIVA DE 1906190000042                                          0115004                                                                                                                                                                                                                                              000001
70000000000000000011550004903180115004DOC461                   0049031800000013210000001   00000000000000 0106180619DOC461                        200619000000002943803321679011906190000184000000000000000000000000000000000000000000000000000000000000000000000000000000000000000000000000000000000000000000000000000002943800000000000000          000000000000000000000000000000000000000000000000  02000002
70000000000000000011550004903180115004DOC468                   0049031800000013910000001   00000000000000 0106180619DOC468                        180619000000004180008501015011906190000100000000000000000000000000000000000000000000000000000000000000000000000000000000000000000000000000000000000000000000000000000004180000000000000000          000000000000000000000000000000000000000000000000  02000003
9201001          000000180000000139121400000000          000000000000000000000000000000          000000000000000000000000000000          000000000000000000000000000000                                                  000000000000000000000000000000                                                                                                                                                   000004
