02RETORNO01COBRANCA       01155000466581000000PLANNER CONTABILIDADE E AUDITO085COOPERATIVA DE 1506190000054                                          0115004                                                                                                                                                                                                                                              000001
70000000000000000011550004665810115004DOC4963                  0046658100000056210000001   00000000000000 0106140619DOC4963                       150619000000003300075630341011706190000184000000000000000000000000000000000000000000000000000000000000000000000000000000000000000000000000000000000000000000000000000003300000000000000000          000000000000000000000000000000000000000000000000  02000002
70000000000000000011550004665810115004DOC5012                  0046658100000061110000001   00000000000000 0106140619DOC5012                       140619000000005666600102763011706190000184000000000000000000000000000000000000000000000000000000000000000000000000000000000000000000000000000000000000000000000000000005666600000000000000          000000000000000000000000000000000000000000000000  02000003
70000000000000000011550004665810115004DOC5006                  0046658100000060510000001   00000000000000 0106140619DOC5006                       150619000000040000000102763011706190000184000000000000000000000000000000000000000000000000000000000000000000000000000000000000000000000000000000000000000000000000000040000000000000000000          000000000000000000000000000000000000000000000000  02000004
70000000000000000011550004665810115004NFSE4422                 0046658100000005310000090   00000000000000 0109140619NFSE4422                      150419000000002777508501155010000000000100000000000000000000000000000000000000000000000000000000000000000000000000000000000000000000000000000000000000000000000000000000000000000000000000          000000000000000000000000000000000000000000000000  00000005
70000000000000000011550004665810115004NFSE4423                 0046658100000005410000090   00000000000000 0109140619NFSE4423                      150419000000002777508501155010000000000100000000000000000000000000000000000000000000000000000000000000000000000000000000000000000000000000000000000000000000000000000000000000000000000000          000000000000000000000000000000000000000000000000  00000006
70000000000000000011550004665810115004NFSE4436                 0046658100000006710000090   00000000000000 0109140619NFSE4436                      150419000000002873808501155010000000000100000000000000000000000000000000000000000000000000000000000000000000000000000000000000000000000000000000000000000000000000000000000000000000000000          000000000000000000000000000000000000000000000000  00000007
70000000000000000011550004665810115004NFSE4521                 0046658100000015210000090   00000000000000 0109140619NFSE4521                      150419000000005500008501155010000000000100000000000000000000000000000000000000000000000000000000000000000000000000000000000000000000000000000000000000000000000000000000000000000000000000          000000000000000000000000000000000000000000000000  00000008
70000000000000000011550004665810115004NFSE4525                 0046658100000015610000090   00000000000000 0109140619NFSE4525                      150419000000013200008501155010000000000100000000000000000000000000000000000000000000000000000000000000000000000000000000000000000000000000000000000000000000000000000000000000000000000000          000000000000000000000000000000000000000000000000  00000009
70000000000000000011550004665810115004DOC5012                  0046658100000061110000000   00000000000000 0114140619DOC5012                       140619000000005666608501155010000000000100000000000000000000000000000000000000000000000000000000000000000000000000000000000000000000000000000000000000000000000000000000000000000000000000          000000000000000000000000000000000000000000000000  00000010
9201001          000001030000001654113600000000          000000000000000000000000000000          000000000000000000000000000000          000000000000000000000000000000                                                  000000000000000000000000000000                                                                                                                                                   000011
