02RETORNO01COBRANCA       01155000466581000000PLANNER CONTABILIDADE E AUDITO085COOPERATIVA DE 1707190000072                                          0115004                                                                                                                                                                                                                                              000001
70000000000000000011550004665810115004DOC5065                  0046658100000064110000001   00000000000000 0106160719DOC5065                       150719000000006822975630341011707190000184000000000000000000000000000000000000000000000000000000000000000000000000000000000000000139800000000000000000000000000000000006962700000000000000          000000000000000000000000000000000000000000000000  02000002
70000000000000000011550004665810115004DOC5183                  0046658100000075910000001   00000000000000 0106160719DOC5183                       170719000000011000000124953011707190000184000000000000000000000000000000000000000000000000000000000000000000000000000000000000000000000000000000000000000000000000000011000000000000000000          000000000000000000000000000000000000000000000000  02000003
70000000000000000011550004665810115004DOC4999                  0046658100000059810000001   00000000000000 0106160719DOC4999                       170719000000011000000124953011707190000184000000000000000000000000000000000000000000000000000000000000000000000000000000000000000000000000000000000000000000000000000011000000000000000000          000000000000000000000000000000000000000000000000  02000004
70000000000000000011550004665810115004NFSE4611                 0046658100000023110000090   00000000000000 0109160719NFSE4611                      150519000000002777508501155010000000000100000000000000000000000000000000000000000000000000000000000000000000000000000000000000000000000000000000000000000000000000000000000000000000000000          000000000000000000000000000000000000000000000000  00000005
70000000000000000011550004665810115004NFSE4612                 0046658100000023210000090   00000000000000 0109160719NFSE4612                      150519000000002777508501155010000000000100000000000000000000000000000000000000000000000000000000000000000000000000000000000000000000000000000000000000000000000000000000000000000000000000          000000000000000000000000000000000000000000000000  00000006
70000000000000000011550004665810115004NFSE4625                 0046658100000024510000090   00000000000000 0109160719NFSE4625                      150519000000002873808501155010000000000100000000000000000000000000000000000000000000000000000000000000000000000000000000000000000000000000000000000000000000000000000000000000000000000000          000000000000000000000000000000000000000000000000  00000007
70000000000000000011550004665810115004NFSE4627                 0046658100000024710000090   00000000000000 0109160719NFSE4627                      150519000000001724308501155010000000000100000000000000000000000000000000000000000000000000000000000000000000000000000000000000000000000000000000000000000000000000000000000000000000000000          000000000000000000000000000000000000000000000000  00000008
70000000000000000011550004665810115004NFSE4642                 0046658100000026210000090   00000000000000 0109160719NFSE4642                      150519000000001668708501155010000000000100000000000000000000000000000000000000000000000000000000000000000000000000000000000000000000000000000000000000000000000000000000000000000000000000          000000000000000000000000000000000000000000000000  00000009
70000000000000000011550004665810115004NFSE4702                 0046658100000032210000090   00000000000000 0109160719NFSE4702                      150519000000005500008501155010000000000100000000000000000000000000000000000000000000000000000000000000000000000000000000000000000000000000000000000000000000000000000000000000000000000000          000000000000000000000000000000000000000000000000  00000010
70000000000000000011550004665810115004NFSE4706                 0046658100000032610000090   00000000000000 0109160719NFSE4706                      150519000000017000008501155010000000000100000000000000000000000000000000000000000000000000000000000000000000000000000000000000000000000000000000000000000000000000000000000000000000000000          000000000000000000000000000000000000000000000000  00000011
70000000000000000011550004665810115004DOC4929                  0046658100000052810000000   00000000000000 0110160719DOC4929                       150619000000001668708501155010000000000100000000000000000000000000000000000000000000000000000000000000000000000000000000000000000000000000000000000000000000000000000000000000000000000000          000000000000000000000000000000000000000000000000  00000012
70000000000000000011550004665810115004DOC5118                  0046658100000069410000000   00000000000000 0110160719DOC5118                       150719000000001668708501155010000000000100000000000000000000000000000000000000000000000000000000000000000000000000000000000000000000000000000000000000000000000000000000000000000000000000          000000000000000000000000000000000000000000000000  00000013
70000000000000000011550004665810115004DOC4893                  0046658100000049210000000   00000000000000 0114160719DOC4893                       290719000000001724308501155010000000000100000000000000000000000000000000000000000000000000000000000000000000000000000000000000000000000000000000000000000000000000000000000000000000000000          000000000000000000000000000000000000000000000000  00000014
70000000000000000011550004665810115004DOC4999                  0046658100000059810000000   00000000000000 0114160719DOC4999                       170719000000011000008501155010000000000100000000000000000000000000000000000000000000000000000000000000000000000000000000000000000000000000000000000000000000000000000000000000000000000000          000000000000000000000000000000000000000000000000  00000015
70000000000000000011550004665810115004DOC5183                  0046658100000075910000000   00000000000000 0114160719DOC5183                       170719000000011000008501155010000000000100000000000000000000000000000000000000000000000000000000000000000000000000000000000000000000000000000000000000000000000000000000000000000000000000          000000000000000000000000000000000000000000000000  00000016
9201001          000000800000000477306200000000          000000000000000000000000000000          000000000000000000000000000000          000000000000000000000000000000                                                  000000000000000000000000000000                                                                                                                                                   000017
