02RETORNO01COBRANCA       01155000490318000000PLANNER INTELIGENCIA CONTABIL 085COOPERATIVA DE 2208190000076                                          0115004                                                                                                                                                                                                                                              000001
70000000000000000011550004903180115004DOC569                   0049031800000024110000001   00000000000000 0106210819DOC569                        120819000000002750008501015012208190000100000000000000000000000000000000000000000000000000000000000000000000000000000000000000000067300000000000000000000000000000000002817300000000000000          000000000000000000000000000000000000000000000000  02000002
70000000000000000011550004903180115004DOC478                   0049031800000014910000090   00000000000000 0109210819DOC478                        220619000000014000008501155010000000000100000000000000000000000000000000000000000000000000000000000000000000000000000000000000000000000000000000000000000000000000000000000000000000000000          000000000000000000000000000000000000000000000000  00000003
9201001          000000180000000093241000000000          000000000000000000000000000000          000000000000000000000000000000          000000000000000000000000000000                                                  000000000000000000000000000000                                                                                                                                                   000004
