02RETORNO01COBRANCA       01155000490318000000PLANNER INTELIGENCIA CONTABIL 085COOPERATIVA DE 1206190000037                                          0115004                                                                                                                                                                                                                                              000001
70000000000000000011550004903180115004DOC441                   0049031800000011110000001   00000000000000 0106110619DOC441                        100619000000003359823703816011206190000184000000000000000000000000000000000000000000000000000000000000000000000000000000000000000068700000000000000000000000000000000003428500000000000000          000000000000000000000000000000000000000000000000  02000002
70000000000000000011550004903180115004NFSE352                  0049031800000002310000090   00000000000000 0109110619NFSE352                       100419000000000560008501155010000000000100000000000000000000000000000000000000000000000000000000000000000000000000000000000000000000000000000000000000000000000000000000000000000000000000          000000000000000000000000000000000000000000000000  00000003
70000000000000000011550004903180115004NFSE356                  0049031800000002710000090   00000000000000 0109110619NFSE356                       100419000000015494008501155010000000000100000000000000000000000000000000000000000000000000000000000000000000000000000000000000000000000000000000000000000000000000000000000000000000000000          000000000000000000000000000000000000000000000000  00000004
9201001          000000280000000198784800000000          000000000000000000000000000000          000000000000000000000000000000          000000000000000000000000000000                                                  000000000000000000000000000000                                                                                                                                                   000005
