02RETORNO01COBRANCA       01155000466581000000PLANNER CONTABILIDADE E AUDITO085COOPERATIVA DE 2708190000098                                          0115004                                                                                                                                                                                                                                              000001
70000000000000000011550004665810115004DOC5234                  0046658100000080710000001   00000000000000 0106260819DOC5234                       260819000000025342975630341012708190000184000000000000000000000000000000000000000000000000000000000000000000000000000000000000000000000000000000000000000000000000000025342900000000000000          000000000000000000000000000000000000000000000000  02000002
70000000000000000011550004665810115004DOC5357                  0046658100000093010000001   00000000000000 0106260819DOC5357                       260819000000030000023769450012708190000184000000000000000000000000000000000000000000000000000000000000000000000000000000000000000000000000000000000000000000000000000030000000000000000000          000000000000000000000000000000000000000000000000  02000003
9201001          000000640000000405686800000000          000000000000000000000000000000          000000000000000000000000000000          000000000000000000000000000000                                                  000000000000000000000000000000                                                                                                                                                   000004
