02RETORNO01COBRANCA       01155000490849000000PLANNER SOLUCOES EMPRESARIAIS 085COOPERATIVA DE 2808190000083                                          0115004                                                                                                                                                                                                                                              000001
70000000000000000011550004908490115004DOC1889                  0049084900000022510000001   00000000000000 0106270819DOC1889                       270819000000022000000124953012808190000184000000000000000000000000000000000000000000000000000000000000000000000000000000000000000000000000000000000000000000000000000022000000000000000000          000000000000000000000000000000000000000000000000  02000002
70000000000000000011550004908490115004DOC1891                  0049084900000022710000000   00000000000000 0114270819DOC1891                       300819000000005250008501155010000000000100000000000000000000000000000000000000000000000000000000000000000000000000000000000000000000000000000000000000000000000000000000000000000000000000          000000000000000000000000000000000000000000000000  00000003
70000000000000000011550004908490115004DOC1889                  0049084900000022510000000   00000000000000 0114270819DOC1889                       270819000000022000008501155010000000000100000000000000000000000000000000000000000000000000000000000000000000000000000000000000000000000000000000000000000000000000000000000000000000000000          000000000000000000000000000000000000000000000000  00000004
9201001          000000090000000197375000000000          000000000000000000000000000000          000000000000000000000000000000          000000000000000000000000000000                                                  000000000000000000000000000000                                                                                                                                                   000005
