02RETORNO01COBRANCA       01155000490849000000PLANNER SOLUCOES EMPRESARIAIS 085COOPERATIVA DE 0308190000070                                          0115004                                                                                                                                                                                                                                              000001
70000000000000000011550004908490115004DOC1855                  0049084900000017910000001   00000000000000 0106020819DOC1855                       100719000000012000010404235010508190000184000000000000000000000000000000000000000000000000000000000000000000000000000000000000000378000000000000000000000000000000000012378000000000000000          000000000000000000000000000000000000000000000000  02000002
9201001          000000570000001126309100000000          000000000000000000000000000000          000000000000000000000000000000          000000000000000000000000000000                                                  000000000000000000000000000000                                                                                                                                                   000003
