02RETORNO01COBRANCA       01155000490849000000PLANNER SOLUCOES EMPRESARIAIS 085COOPERATIVA DE 0106190000037                                          0115004                                                                                                                                                                                                                                              000001
70000000000000000011550004908490115004DOC1818                  0049084900000014210000050   00000000000000 0102310519DOC1818                       050619000000010933208501155010000000000000000000000000000000000000000000000000000000000000000000000000000000000000000000000000000000000000000000000000000000000000000000000000000000000000          000000000000000000000000000000000000000000000000  00000002
70000000000000000011550004908490115004DOC1819                  0049084900000014310000050   00000000000000 0102310519DOC1819                       100619000000019178208501155010000000000000000000000000000000000000000000000000000000000000000000000000000000000000000000000000000000000000000000000000000000000000000000000000000000000000          000000000000000000000000000000000000000000000000  00000003
70000000000000000011550004908490115004DOC1821                  0049084900000014410000050   00000000000000 0102310519DOC1821                       050619000000003900008501155010000000000000000000000000000000000000000000000000000000000000000000000000000000000000000000000000000000000000000000000000000000000000000000000000000000000000          000000000000000000000000000000000000000000000000  00000004
70000000000000000011550004908490115004DOC1822                  0049084900000014510000050   00000000000000 0102310519DOC1822                       050619000000011250008501155010000000000000000000000000000000000000000000000000000000000000000000000000000000000000000000000000000000000000000000000000000000000000000000000000000000000000          000000000000000000000000000000000000000000000000  00000005
70000000000000000011550004908490115004DOC1078                  0049084900000014610000000   00000000000000 0102310519DOC1078                       050619000000027068308501155010000000000000000000000000000000000000000000000000000000000000000000000000000000000000000000000000000000000000000000000000000000000000000000000000000000000000          000000000000000000000000000000000000000000000000  00000006
70000000000000000011550004908490115004DOC1079                  0049084900000014710000050   00000000000000 0102310519DOC1079                       120619000000012462708501155010000000000000000000000000000000000000000000000000000000000000000000000000000000000000000000000000000000000000000000000000000000000000000000000000000000000000          000000000000000000000000000000000000000000000000  00000007
70000000000000000011550004908490115004DOC1823                  0049084900000014810000050   00000000000000 0102310519DOC1823                       050619000000018564008501155010000000000000000000000000000000000000000000000000000000000000000000000000000000000000000000000000000000000000000000000000000000000000000000000000000000000000          000000000000000000000000000000000000000000000000  00000008
70000000000000000011550004908490115004DOC1824                  0049084900000014910000050   00000000000000 0102310519DOC1824                       250619000000003000008501155010000000000000000000000000000000000000000000000000000000000000000000000000000000000000000000000000000000000000000000000000000000000000000000000000000000000000          000000000000000000000000000000000000000000000000  00000009
70000000000000000011550004908490115004NFSE1751                 0049084900000005510000001   00000000000000 0106310519NFSE1751                      130519000000010680000124953010306190000184000000000000000000000000000000000000000000000000000000000000000000000000000000000000000309700000000000000000000000000000000010989700000000000000          000000000000000000000000000000000000000000000000  02000010
9201001          000000570000001076490300000000          000000000000000000000000000000          000000000000000000000000000000          000000000000000000000000000000                                                  000000000000000000000000000000                                                                                                                                                   000011
