02RETORNO01COBRANCA       01155000466581000000PLANNER CONTABILIDADE E AUDITO085COOPERATIVA DE 0907190000066                                          0115004                                                                                                                                                                                                                                              000001
70000000000000000011550004665810115004DOC5181                  0046658100000075710000001   00000000000000 0106080719DOC5181                       050719000000003800008501155010907190000100000000000000000000000000000000000000000000000000000000000000000000000000000000000000000081700000000000000000000000000000000003881700000000000000          000000000000000000000000000000000000000000000000  02000002
70000000000000000011550004665810115004DOC5151                  0046658100000072710000001   00000000000000 0106080719DOC5151                       050719000000001100075632492010907190000184000000000000000000000000000000000000000000000000000000000000000000000000000000000000000023600000000000000000000000000000000001123600000000000000          000000000000000000000000000000000000000000000000  02000003
70000000000000000011550004665810115004DOC5101                  0046658100000067710000001   00000000000000 0106080719DOC5101                       080719000000000860023703670010907190000184000000000000000000000000000000000000000000000000000000000000000000000000000000000000000000000000000000000000000000000000000000860000000000000000          000000000000000000000000000000000000000000000000  02000004
70000000000000000011550004665810115004DOC5086                  0046658100000066210000001   00000000000000 0106080719DOC5086                       080719000000031129903312572010907190000184000000000000000000000000000000000000000000000000000000000000000000000000000000000000000000000000000000000000000000000000000031129900000000000000          000000000000000000000000000000000000000000000000  02000005
70000000000000000011550004665810115004DOC5101                  0046658100000067710000000   00000000000000 0114080719DOC5101                       080719000000000860008501155010000000000100000000000000000000000000000000000000000000000000000000000000000000000000000000000000000000000000000000000000000000000000000000000000000000000000          000000000000000000000000000000000000000000000000  00000006
70000000000000000011550004665810115004DOC5086                  0046658100000066210000000   00000000000000 0114080719DOC5086                       080719000000031129908501155010000000000100000000000000000000000000000000000000000000000000000000000000000000000000000000000000000000000000000000000000000000000000000000000000000000000000          000000000000000000000000000000000000000000000000  00000007
70000000000000000011550004665810115004DOC5079                  0046658100000065510000000   00000000000000 0114080719DOC5079                       100719000000002000008501155010000000000100000000000000000000000000000000000000000000000000000000000000000000000000000000000000000000000000000000000000000000000000000000000000000000000000          000000000000000000000000000000000000000000000000  00000008
9201001          000001360000001806131500000000          000000000000000000000000000000          000000000000000000000000000000          000000000000000000000000000000                                                  000000000000000000000000000000                                                                                                                                                   000009
