02RETORNO01COBRANCA       01155000466581000000PLANNER CONTABILIDADE E AUDITO085COOPERATIVA DE 2108190000095                                          0115004                                                                                                                                                                                                                                              000001
70000000000000000011550004665810115004DOC5284                  0046658100000085710000001   00000000000000 0106200819DOC5284                       150819000000006150075630341012108190000184000000000000000000000000000000000000000000000000000000000000000000000000000000000000000138300000000000000000000000000000000006288300000000000000          000000000000000000000000000000000000000000000000  01000002
70000000000000000011550004665810115004DOC5230                  0046658100000080310000001   00000000000000 0106200819DOC5230                       200819000000005747500102763012108190000184000000000000000000000000000000000000000000000000000000000000000000000000000000000000000000000000000000000000000000000000000005747500000000000000          000000000000000000000000000000000000000000000000  05000003
70000000000000000011550004665810115004DOC4874                  0046658100000047310000090   00000000000000 0109200819DOC4874                       200619000000010731308501155010000000000100000000000000000000000000000000000000000000000000000000000000000000000000000000000000000000000000000000000000000000000000000000000000000000000000          000000000000000000000000000000000000000000000000  00000004
70000000000000000011550004665810115004DOC4879                  0046658100000047810000090   00000000000000 0109200819DOC4879                       200619000000005747508501155010000000000100000000000000000000000000000000000000000000000000000000000000000000000000000000000000000000000000000000000000000000000000000000000000000000000000          000000000000000000000000000000000000000000000000  00000005
70000000000000000011550004665810115004DOC4891                  0046658100000049010000090   00000000000000 0109200819DOC4891                       200619000000010731308501155010000000000100000000000000000000000000000000000000000000000000000000000000000000000000000000000000000000000000000000000000000000000000000000000000000000000000          000000000000000000000000000000000000000000000000  00000006
70000000000000000011550004665810115004DOC4892                  0046658100000049110000090   00000000000000 0109200819DOC4892                       200619000000001262508501155010000000000100000000000000000000000000000000000000000000000000000000000000000000000000000000000000000000000000000000000000000000000000000000000000000000000000          000000000000000000000000000000000000000000000000  00000007
9201001          000000700000000487911100000000          000000000000000000000000000000          000000000000000000000000000000          000000000000000000000000000000                                                  000000000000000000000000000000                                                                                                                                                   000008
