02RETORNO01COBRANCA       01155000466581000000PLANNER CONTABILIDADE E AUDITO085COOPERATIVA DE 2905190000042                                          0115004                                                                                                                                                                                                                                              000001
70000000000000000011550004665810115004NFSE4848                 0046658100000044710000000   00000000000000 0114280519NFSE4848                      100719000000000850008501155010000000000100000000000000000000000000000000000000000000000000000000000000000000000000000000000000000000000000000000000000000000000000000000000000000000000000          000000000000000000000000000000000000000000000000  00000002
9201001          000000860000001474408200000000          000000000000000000000000000000          000000000000000000000000000000          000000000000000000000000000000                                                  000000000000000000000000000000                                                                                                                                                   000003
