02RETORNO01COBRANCA       01155000490245000000PLANNER SERVICOS DE ADMINISTRA085COOPERATIVA DE 0606190000017                                          0115004                                                                                                                                                                                                                                              000001
70000000000000000011550004902450115004NFSE306                  0049024500000002210000001   00000000000000 0106050619NFSE306                       050619000000005400008501155010606190000100000000000000000000000000000000000000000000000000000000000000000000000000000000000000000000000000000000000000000000000000000005400000000000000000          000000000000000000000000000000000000000000000000  02000002
9201001          000000070000000139000000000000          000000000000000000000000000000          000000000000000000000000000000          000000000000000000000000000000                                                  000000000000000000000000000000                                                                                                                                                   000003
