02RETORNO01COBRANCA       01155000490245000000PLANNER SERVICOS DE ADMINISTRA085COOPERATIVA DE 2607190000025                                          0115004                                                                                                                                                                                                                                              000001
70000000000000000011550004902450115004DOC313                   0049024500000002910000001   00000000000000 0106250719DOC313                        250719000000028400034184832012607190000184000000000000000000000000000000000000000000000000000000000000000000000000000000000000000000000000000000000000000000000000000028400000000000000000          000000000000000000000000000000000000000000000000  09000002
9201001          000000050000000108800000000000          000000000000000000000000000000          000000000000000000000000000000          000000000000000000000000000000                                                  000000000000000000000000000000                                                                                                                                                   000003
