02RETORNO01COBRANCA       01155000490849000000PLANNER SOLUCOES EMPRESARIAIS 085COOPERATIVA DE 0108190000068                                          0115004                                                                                                                                                                                                                                              000001
70000000000000000011550004908490115004DOC1899                  0049084900000024910000050   00000000000000 0102310719DOC1899                       050819000000033263308501155010000000000000000000000000000000000000000000000000000000000000000000000000000000000000000000000000000000000000000000000000000000000000000000000000000000000000          000000000000000000000000000000000000000000000000  00000002
9201001          000000590000001163309100000000          000000000000000000000000000000          000000000000000000000000000000          000000000000000000000000000000                                                  000000000000000000000000000000                                                                                                                                                   000003
