02RETORNO01COBRANCA       01155000466581000000PLANNER CONTABILIDADE E AUDITO085COOPERATIVA DE 0406190000045                                          0115004                                                                                                                                                                                                                                              000001
70000000000000000011550004665810115004DOC4991                  0046658100000059010000001   00000000000000 0106030619DOC4991                       050619000000003000008501155010406190000100000000000000000000000000000000000000000000000000000000000000000000000000000000000000000000000000000000000000000000000000000003000000000000000000          000000000000000000000000000000000000000000000000  02000002
70000000000000000011550004665810115004DOC4872                  0046658100000047110000001   00000000000000 0106030619DOC4872                       150619000000004180008501155010406190000100000000000000000000000000000000000000000000000000000000000000000000000000000000000000000000000000000000000000000000000000000004180000000000000000          000000000000000000000000000000000000000000000000  02000003
70000000000000000011550004665810115004DOC5013                  0046658100000061210000001   00000000000000 0106030619DOC5013                       050619000000004000008501155010406190000100000000000000000000000000000000000000000000000000000000000000000000000000000000000000000000000000000000000000000000000000000004000000000000000000          000000000000000000000000000000000000000000000000  02000004
70000000000000000011550004665810115004DOC4932                  0046658100000053110000001   00000000000000 0106030619DOC4932                       050619000000007700075673431010406190000184000000000000000000000000000000000000000000000000000000000000000000000000000000000000000000000000000000000000000000000000000007700000000000000000          000000000000000000000000000000000000000000000000  08000005
70000000000000000011550004665810115004DOC4931                  0046658100000053010000001   00000000000000 0106030619DOC4931                       050619000000007700075673431010406190000184000000000000000000000000000000000000000000000000000000000000000000000000000000000000000000000000000000000000000000000000000007700000000000000000          000000000000000000000000000000000000000000000000  08000006
70000000000000000011550004665810115004DOC4910                  0046658100000050910000001   00000000000000 0106030619DOC4910                       050619000000002873875630341010406190000184000000000000000000000000000000000000000000000000000000000000000000000000000000000000000000000000000000000000000000000000000002873800000000000000          000000000000000000000000000000000000000000000000  02000007
70000000000000000011550004665810115004NFSE4660                 0046658100000028010000001   00000000000000 0106030619NFSE4660                      050519000000007719975630341010406190000184000000000000000000000000000000000000000000000000000000000000000000000000000000000000000266200000000000000000000000000000000007986100000000000000          000000000000000000000000000000000000000000000000  02000008
70000000000000000011550004665810115004DOC4949                  0046658100000054810000001   00000000000000 0106030619DOC4949                       050619000000002750000102763010406190000184000000000000000000000000000000000000000000000000000000000000000000000000000000000000000000000000000000000000000000000000000002750000000000000000          000000000000000000000000000000000000000000000000  08000009
70000000000000000011550004665810115004DOC4873                  0046658100000047210000001   00000000000000 0106030619DOC4873                       050619000000015374900102763010406190000184000000000000000000000000000000000000000000000000000000000000000000000000000000000000000000000000000000000000000000000000000015374900000000000000          000000000000000000000000000000000000000000000000  08000010
70000000000000000011550004665810115004DOC5014                  0046658100000061310000001   00000000000000 0106030619DOC5014                       050619000000002500010404235010406190000184000000000000000000000000000000000000000000000000000000000000000000000000000000000000000000000000000000000000000000000000000002500000000000000000          000000000000000000000000000000000000000000000000  07000011
70000000000000000011550004665810115004DOC4909                  0046658100000050810000001   00000000000000 0106030619DOC4909                       050619000000012448510404235010406190000184000000000000000000000000000000000000000000000000000000000000000000000000000000000000000000000000000000000000000000000000000012448500000000000000          000000000000000000000000000000000000000000000000  02000012
9201001          000002200000002609975300000000          000000000000000000000000000000          000000000000000000000000000000          000000000000000000000000000000                                                  000000000000000000000000000000                                                                                                                                                   000013
