02RETORNO01COBRANCA       01155000490318000000PLANNER INTELIGENCIA CONTABIL 085COOPERATIVA DE 1508190000071                                          0115004                                                                                                                                                                                                                                              000001
70000000000000000011550004903180115004DOC582                   0049031800000025410000001   00000000000000 0106140819DOC582                        050819000000003500008501015011508190000100000000000000000000000000000000000000000000000000000000000000000000000000000000000000000085700000000000000000000000000000000003585700000000000000          000000000000000000000000000000000000000000000000  02000002
70000000000000000011550004903180115004DOC438                   0049031800000010810000090   00000000000000 0109140819DOC438                        150619000000000800008501155010000000000100000000000000000000000000000000000000000000000000000000000000000000000000000000000000000000000000000000000000000000000000000000000000000000000000          000000000000000000000000000000000000000000000000  00000003
70000000000000000011550004903180115004DOC444                   0049031800000011410000090   00000000000000 0109140819DOC444                        150619000000002750008501155010000000000100000000000000000000000000000000000000000000000000000000000000000000000000000000000000000000000000000000000000000000000000000000000000000000000000          000000000000000000000000000000000000000000000000  00000004
9201001          000000270000000157131700000000          000000000000000000000000000000          000000000000000000000000000000          000000000000000000000000000000                                                  000000000000000000000000000000                                                                                                                                                   000005
