02RETORNO01COBRANCA       01155000466581000000PLANNER CONTABILIDADE E AUDITO085COOPERATIVA DE 0706190000048                                          0115004                                                                                                                                                                                                                                              000001
70000000000000000011550004665810115004DOC4978                  0046658100000057710000001   00000000000000 0106060619DOC4978                       050619000000004950008501155010706190000100000000000000000000000000000000000000000000000000000000000000000000000000000000000000000101400000000000000000000000000000000005051400000000000000          000000000000000000000000000000000000000000000000  02000002
70000000000000000011550004665810115004DOC4977                  0046658100000057610000001   00000000000000 0106060619DOC4977                       100619000000009350008501155010706190000100000000000000000000000000000000000000000000000000000000000000000000000000000000000000000000000000000000000000000000000000000009350000000000000000          000000000000000000000000000000000000000000000000  02000003
70000000000000000011550004665810115004DOC4935                  0046658100000053410000001   00000000000000 0106060619DOC4935                       050619000000004400008501155010706190000100000000000000000000000000000000000000000000000000000000000000000000000000000000000000000090200000000000000000000000000000000004490200000000000000          000000000000000000000000000000000000000000000000  02000004
70000000000000000011550004665810115004DOC4865                  0046658100000046410000001   00000000000000 0106060619DOC4865                       100619000000003669223703670010706190000184000000000000000000000000000000000000000000000000000000000000000000000000000000000000000000000000000000000000000000000000000003669200000000000000          000000000000000000000000000000000000000000000000  08000005
70000000000000000011550004665810115004DOC4943                  0046658100000054210000001   00000000000000 0106060619DOC4943                       070619000000005775008511649010706190000184000000000000000000000000000000000000000000000000000000000000000000000000000000000000000000000000000000000000000000000000000005775000000000000000          000000000000000000000000000000000000000000000000  08000006
70000000000000000011550004665810115004DOC5011                  0046658100000061010000001   00000000000000 0106060619DOC5011                       100619000000002000000140193010706190000184000000000000000000000000000000000000000000000000000000000000000000000000000000000000000000000000000000000000000000000000000002000000000000000000          000000000000000000000000000000000000000000000000  08000007
70000000000000000011550004665810115004DOC4957                  0046658100000055610000000   00000000000000 0110060619DOC4957                       050619000000004400008501155010000000000100000000000000000000000000000000000000000000000000000000000000000000000000000000000000000000000000000000000000000000000000000000000000000000000000          000000000000000000000000000000000000000000000000  00000008
70000000000000000011550004665810115004DOC4971                  0046658100000057010000000   00000000000000 0114060619DOC4971                       100619000000000800008501155010000000000100000000000000000000000000000000000000000000000000000000000000000000000000000000000000000000000000000000000000000000000000000000000000000000000000          000000000000000000000000000000000000000000000000  00000009
70000000000000000011550004665810115004NFSE4829                 0046658100000042810000000   00000000000000 0114060619NFSE4829                      070619000000001000008501155010000000000100000000000000000000000000000000000000000000000000000000000000000000000000000000000000000000000000000000000000000000000000000000000000000000000000          000000000000000000000000000000000000000000000000  00000010
70000000000000000011550004665810115004DOC4943                  0046658100000054210000000   00000000000000 0114060619DOC4943                       070619000000005775008501155010000000000100000000000000000000000000000000000000000000000000000000000000000000000000000000000000000000000000000000000000000000000000000000000000000000000000          000000000000000000000000000000000000000000000000  00000011
9201001          000001540000002084231800000000          000000000000000000000000000000          000000000000000000000000000000          000000000000000000000000000000                                                  000000000000000000000000000000                                                                                                                                                   000012
