02RETORNO01COBRANCA       01155000466581000000PLANNER CONTABILIDADE E AUDITO085COOPERATIVA DE 0708190000085                                          0115004                                                                                                                                                                                                                                              000001
70000000000000000011550004665810115004DOC5312                  0046658100000088510000001   00000000000000 0106060819DOC5312                       050819000000001100075632492010708190000184000000000000000000000000000000000000000000000000000000000000000000000000000000000000000022500000000000000000000000000000000001122500000000000000          000000000000000000000000000000000000000000000000  02000002
70000000000000000011550004665810115004DOC5104                  0046658100000068010000001   00000000000000 0106060819DOC5104                       150719000000001724375630341010708190000184000000000000000000000000000000000000000000000000000000000000000000000000000000000000000053300000000000000000000000000000000001777600000000000000          000000000000000000000000000000000000000000000000  02000003
70000000000000000011550004665810115004DOC5147                  0046658100000072310000001   00000000000000 0106060819DOC5147                       050719000000017700023769450010708190000184000000000000000000000000000000000000000000000000000000000000000000000000000000000000000637200000000000000000000000000000000018337200000000000000          000000000000000000000000000000000000000000000000  02000004
70000000000000000011550004665810115004DOC5314                  0046658100000088710000001   00000000000000 0106060819DOC5314                       060819000000002750003330597010708190000184000000000000000000000000000000000000000000000000000000000000000000000000000000000000000000000000000000000000000000000000000002750000000000000000          000000000000000000000000000000000000000000000000  02000005
70000000000000000011550004665810115004DOC4853                  0046658100000045210000090   00000000000000 0109060819DOC4853                       050619000000012866608501155010000000000100000000000000000000000000000000000000000000000000000000000000000000000000000000000000000000000000000000000000000000000000000000000000000000000000          000000000000000000000000000000000000000000000000  00000006
70000000000000000011550004665810115004DOC4898                  0046658100000049710000090   00000000000000 0109060819DOC4898                       050619000000007568008501155010000000000100000000000000000000000000000000000000000000000000000000000000000000000000000000000000000000000000000000000000000000000000000000000000000000000000          000000000000000000000000000000000000000000000000  00000007
70000000000000000011550004665810115004DOC4901                  0046658100000050010000090   00000000000000 0109060819DOC4901                       050619000000011322508501155010000000000100000000000000000000000000000000000000000000000000000000000000000000000000000000000000000000000000000000000000000000000000000000000000000000000000          000000000000000000000000000000000000000000000000  00000008
70000000000000000011550004665810115004DOC4916                  0046658100000051510000090   00000000000000 0109060819DOC4916                       050619000000002873808501155010000000000100000000000000000000000000000000000000000000000000000000000000000000000000000000000000000000000000000000000000000000000000000000000000000000000000          000000000000000000000000000000000000000000000000  00000009
70000000000000000011550004665810115004DOC4919                  0046658100000051810000090   00000000000000 0109060819DOC4919                       050619000000000804708501155010000000000100000000000000000000000000000000000000000000000000000000000000000000000000000000000000000000000000000000000000000000000000000000000000000000000000          000000000000000000000000000000000000000000000000  00000010
70000000000000000011550004665810115004DOC4921                  0046658100000052010000090   00000000000000 0109060819DOC4921                       050619000000009196008501155010000000000100000000000000000000000000000000000000000000000000000000000000000000000000000000000000000000000000000000000000000000000000000000000000000000000000          000000000000000000000000000000000000000000000000  00000011
70000000000000000011550004665810115004DOC4923                  0046658100000052210000090   00000000000000 0109060819DOC4923                       050619000000002241408501155010000000000100000000000000000000000000000000000000000000000000000000000000000000000000000000000000000000000000000000000000000000000000000000000000000000000000          000000000000000000000000000000000000000000000000  00000012
70000000000000000011550004665810115004DOC4925                  0046658100000052410000090   00000000000000 0109060819DOC4925                       050619000000001149508501155010000000000100000000000000000000000000000000000000000000000000000000000000000000000000000000000000000000000000000000000000000000000000000000000000000000000000          000000000000000000000000000000000000000000000000  00000013
70000000000000000011550004665810115004DOC4926                  0046658100000052510000090   00000000000000 0109060819DOC4926                       050619000000029841608501155010000000000100000000000000000000000000000000000000000000000000000000000000000000000000000000000000000000000000000000000000000000000000000000000000000000000000          000000000000000000000000000000000000000000000000  00000014
70000000000000000011550004665810115004DOC4928                  0046658100000052710000090   00000000000000 0109060819DOC4928                       050619000000001149508501155010000000000100000000000000000000000000000000000000000000000000000000000000000000000000000000000000000000000000000000000000000000000000000000000000000000000000          000000000000000000000000000000000000000000000000  00000015
70000000000000000011550004665810115004DOC4930                  0046658100000052910000090   00000000000000 0109060819DOC4930                       050619000000004400008501155010000000000100000000000000000000000000000000000000000000000000000000000000000000000000000000000000000000000000000000000000000000000000000000000000000000000000          000000000000000000000000000000000000000000000000  00000016
70000000000000000011550004665810115004DOC4937                  0046658100000053610000090   00000000000000 0109060819DOC4937                       050619000000003300008501155010000000000100000000000000000000000000000000000000000000000000000000000000000000000000000000000000000000000000000000000000000000000000000000000000000000000000          000000000000000000000000000000000000000000000000  00000017
70000000000000000011550004665810115004DOC4962                  0046658100000056110000090   00000000000000 0109060819DOC4962                       050619000000001980008501155010000000000100000000000000000000000000000000000000000000000000000000000000000000000000000000000000000000000000000000000000000000000000000000000000000000000000          000000000000000000000000000000000000000000000000  00000018
70000000000000000011550004665810115004DOC4969                  0046658100000056810000090   00000000000000 0109060819DOC4969                       050619000000000990008501155010000000000100000000000000000000000000000000000000000000000000000000000000000000000000000000000000000000000000000000000000000000000000000000000000000000000000          000000000000000000000000000000000000000000000000  00000019
70000000000000000011550004665810115004DOC4986                  0046658100000058510000090   00000000000000 0109060819DOC4986                       050619000000006600008501155010000000000100000000000000000000000000000000000000000000000000000000000000000000000000000000000000000000000000000000000000000000000000000000000000000000000000          000000000000000000000000000000000000000000000000  00000020
70000000000000000011550004665810115004DOC4987                  0046658100000058610000090   00000000000000 0109060819DOC4987                       050619000000010494008501155010000000000100000000000000000000000000000000000000000000000000000000000000000000000000000000000000000000000000000000000000000000000000000000000000000000000000          000000000000000000000000000000000000000000000000  00000021
70000000000000000011550004665810115004DOC5001                  0046658100000060010000090   00000000000000 0109060819DOC5001                       050619000000002500008501155010000000000100000000000000000000000000000000000000000000000000000000000000000000000000000000000000000000000000000000000000000000000000000000000000000000000000          000000000000000000000000000000000000000000000000  00000022
70000000000000000011550004665810115004DOC5314                  0046658100000088710000000   00000000000000 0114060819DOC5314                       060819000000002750008501155010000000000100000000000000000000000000000000000000000000000000000000000000000000000000000000000000000000000000000000000000000000000000000000000000000000000000          000000000000000000000000000000000000000000000000  00000023
70000000000000000011550004665810115004DOC5259                  0046658100000083210000000   00000000000000 0114060819DOC5259                       120819000000010609908501155010000000000100000000000000000000000000000000000000000000000000000000000000000000000000000000000000000000000000000000000000000000000000000000000000000000000000          000000000000000000000000000000000000000000000000  00000024
70000000000000000011550004665810115004DOC5297                  0046658100000087010000000   00000000000000 0114060819DOC5297                       060819000000002750008501155010000000000100000000000000000000000000000000000000000000000000000000000000000000000000000000000000000000000000000000000000000000000000000000000000000000000000          000000000000000000000000000000000000000000000000  00000025
70000000000000000011550004665810115004DOC5224                  0046658100000079710000000   00000000000000 0114060819DOC5224                       060819000000015374908501155010000000000100000000000000000000000000000000000000000000000000000000000000000000000000000000000000000000000000000000000000000000000000000000000000000000000000          000000000000000000000000000000000000000000000000  00000026
9201001          000001370000001000415900000000          000000000000000000000000000000          000000000000000000000000000000          000000000000000000000000000000                                                  000000000000000000000000000000                                                                                                                                                   000027
