02RETORNO01COBRANCA       01155000490318000000PLANNER INTELIGENCIA CONTABIL 085COOPERATIVA DE 0808190000067                                          0115004                                                                                                                                                                                                                                              000001
70000000000000000011550004903180115004DOC585                   0049031800000025710000001   00000000000000 0106070819DOC585                        070819000000004600023703816010808190000184000000000000000000000000000000000000000000000000000000000000000000000000000000000000000000000000000000000000000000000000000004600000000000000000          000000000000000000000000000000000000000000000000  02000002
70000000000000000011550004903180115004DOC586                   0049031800000025810000001   00000000000000 0106070819DOC586                        100819000000000450023729270010808190000184000000000000000000000000000000000000000000000000000000000000000000000000000000000000000000000000000000000000000000000000000000450000000000000000          000000000000000000000000000000000000000000000000  02000003
70000000000000000011550004903180115004DOC573                   0049031800000024510000001   00000000000000 0106070819DOC573                        070819000000004180008501015010808190000100000000000000000000000000000000000000000000000000000000000000000000000000000000000000000000000000000000000000000000000000000004180000000000000000          000000000000000000000000000000000000000000000000  02000004
9201001          000000560000000360808600000000          000000000000000000000000000000          000000000000000000000000000000          000000000000000000000000000000                                                  000000000000000000000000000000                                                                                                                                                   000005
