02RETORNO01COBRANCA       01155000466581000000PLANNER CONTABILIDADE E AUDITO085COOPERATIVA DE 1408190000090                                          0115004                                                                                                                                                                                                                                              000001
70000000000000000011550004665810115004DOC5311                  0046658100000088410000001   00000000000000 0106130819DOC5311                       130819000000002200075630341011408190000184000000000000000000000000000000000000000000000000000000000000000000000000000000000000000000000000000000000000000000000000000002200000000000000000          000000000000000000000000000000000000000000000000  01000002
70000000000000000011550004665810115004DOC5294                  0046658100000086710000001   00000000000000 0106130819DOC5294                       140819000000001980075630341011408190000184000000000000000000000000000000000000000000000000000000000000000000000000000000000000000000000000000000000000000000000000000001980000000000000000          000000000000000000000000000000000000000000000000  02000003
70000000000000000011550004665810115004DOC5294                  0046658100000086710000000   00000000000000 0114130819DOC5294                       140819000000001980008501155010000000000100000000000000000000000000000000000000000000000000000000000000000000000000000000000000000000000000000000000000000000000000000000000000000000000000          000000000000000000000000000000000000000000000000  00000004
9201001          000000850000000627228800000000          000000000000000000000000000000          000000000000000000000000000000          000000000000000000000000000000                                                  000000000000000000000000000000                                                                                                                                                   000005
