02RETORNO01COBRANCA       01155000490849000000PLANNER SOLUCOES EMPRESARIAIS 085COOPERATIVA DE 2408190000081                                          0115004                                                                                                                                                                                                                                              000001
70000000000000000011550004908490115004DOC1886                  0049084900000022210000000   00000000000000 0114230819DOC1886                       260819000000025000008501155010000000000100000000000000000000000000000000000000000000000000000000000000000000000000000000000000000000000000000000000000000000000000000000000000000000000000          000000000000000000000000000000000000000000000000  00000002
70000000000000000011550004908490115004DOC1898                  0049084900000023410000000   00000000000000 0114230819DOC1898                       260819000000025000008501155010000000000100000000000000000000000000000000000000000000000000000000000000000000000000000000000000000000000000000000000000000000000000000000000000000000000000          000000000000000000000000000000000000000000000000  00000003
9201001          000000110000000233450600000000          000000000000000000000000000000          000000000000000000000000000000          000000000000000000000000000000                                                  000000000000000000000000000000                                                                                                                                                   000004
