02RETORNO01COBRANCA       01155000466581000000PLANNER CONTABILIDADE E AUDITO085COOPERATIVA DE 1907190000074                                          0115004                                                                                                                                                                                                                                              000001
70000000000000000011550004665810115004DOC5124                  0046658100000070010000001   00000000000000 0106180719DOC5124                       150719000000006150075630341011907190000184000000000000000000000000000000000000000000000000000000000000000000000000000000000000000132200000000000000000000000000000000006282200000000000000          000000000000000000000000000000000000000000000000  02000002
70000000000000000011550004665810115004DOC5113                  0046658100000068910000001   00000000000000 0106180719DOC5113                       150719000000004023323703557011907190000184000000000000000000000000000000000000000000000000000000000000000000000000000000000000000086400000000000000000000000000000000004109700000000000000          000000000000000000000000000000000000000000000000  07000003
70000000000000000011550004665810115004DOC4985                  0046658100000058410000000   00000000000000 0114180719DOC4985                       190719000000001320008501155010000000000100000000000000000000000000000000000000000000000000000000000000000000000000000000000000000000000000000000000000000000000000000000000000000000000000          000000000000000000000000000000000000000000000000  00000004
70000000000000000011550004665810115004DOC4976                  0046658100000057510000000   00000000000000 0114180719DOC4976                       190719000000001320008501155010000000000100000000000000000000000000000000000000000000000000000000000000000000000000000000000000000000000000000000000000000000000000000000000000000000000000          000000000000000000000000000000000000000000000000  00000005
9201001          000000710000000402666300000000          000000000000000000000000000000          000000000000000000000000000000          000000000000000000000000000000                                                  000000000000000000000000000000                                                                                                                                                   000006
