02RETORNO01COBRANCA       01155000490245000000PLANNER SERVICOS DE ADMINISTRA085COOPERATIVA DE 2507190000024                                          0115004                                                                                                                                                                                                                                              000001
70000000000000000011550004902450115004DOC310                   0049024500000002610000001   00000000000000 0106240719DOC310                        240719000000027000008501015012507190000100000000000000000000000000000000000000000000000000000000000000000000000000000000000000000000000000000000000000000000000000000027000000000000000000          000000000000000000000000000000000000000000000000  02000002
9201001          000000060000000137200000000000          000000000000000000000000000000          000000000000000000000000000000          000000000000000000000000000000                                                  000000000000000000000000000000                                                                                                                                                   000003
