02RETORNO01COBRANCA       01155000490849000000PLANNER SOLUCOES EMPRESARIAIS 085COOPERATIVA DE 1607190000060                                          0115004                                                                                                                                                                                                                                              000001
70000000000000000011550004908490115004DOC1081                  0049084900000018710000001   00000000000000 0106150719DOC1081                       150719000000019036008501155011607190000100000000000000000000000000000000000000000000000000000000000000000000000000000000000000000000000000000000000000000000000000000019036000000000000000          000000000000000000000000000000000000000000000000  02000002
70000000000000000011550004908490115004DOC1860                  0049084900000018410000001   00000000000000 0106150719DOC1860                       150719000000029500008501155011607190000100000000000000000000000000000000000000000000000000000000000000000000000000000000000000000000000000000000000000000000000000000029500000000000000000          000000000000000000000000000000000000000000000000  02000003
70000000000000000011550004908490115004DOC1858                  0049084900000018210000001   00000000000000 0106150719DOC1858                       150719000000040000034184832011607190000184000000000000000000000000000000000000000000000000000000000000000000000000000000000000000000000000000000000000000000000000000040000000000000000000          000000000000000000000000000000000000000000000000  09000004
70000000000000000011550004908490115004DOC1082                  0049084900000018810000001   00000000000000 0106150719DOC1082                       150719000000019782600136331011607190000184000000000000000000000000000000000000000000000000000000000000000000000000000000000000000000000000000000000000000000000000000019782600000000000000          000000000000000000000000000000000000000000000000  05000005
70000000000000000011550004908490115004DOC1836                  0049084900000016010000001   00000000000000 0106150719DOC1836                       130719000000010680000124953011607190000184000000000000000000000000000000000000000000000000000000000000000000000000000000000000000000000000000000000000000000000000000010680000000000000000          000000000000000000000000000000000000000000000000  02000006
70000000000000000011550004908490115004DOC1849                  0049084900000017310000001   00000000000000 0106150719DOC1849                       150719000000029324400125720011607190000184000000000000000000000000000000000000000000000000000000000000000000000000000000000000000000000000000000000000000000000000000029324400000000000000          000000000000000000000000000000000000000000000000  02000007
9201001          000000150000000258610400000000          000000000000000000000000000000          000000000000000000000000000000          000000000000000000000000000000                                                  000000000000000000000000000000                                                                                                                                                   000008
