02RETORNO01COBRANCA       01155000466581000000PLANNER CONTABILIDADE E AUDITO085COOPERATIVA DE 1406190000053                                          0115004                                                                                                                                                                                                                                              000001
70000000000000000011550004665810115004DOC4965                  0046658100000056410000001   00000000000000 0106130619DOC4965                       130619000000002200075630341011406190000184000000000000000000000000000000000000000000000000000000000000000000000000000000000000000000000000000000000000000000000000000002200000000000000000          000000000000000000000000000000000000000000000000  01000002
70000000000000000011550004665810115004DOC4883                  0046658100000048210000001   00000000000000 0106130619DOC4883                       130619000000022942975630341011406190000184000000000000000000000000000000000000000000000000000000000000000000000000000000000000000470200000000000000000000000000000000023413100000000000000          000000000000000000000000000000000000000000000000  02000003
70000000000000000011550004665810115004DOC4953                  0046658100000055210000001   00000000000000 0106130619DOC4953                       200619000000002750010444407011406190000184000000000000000000000000000000000000000000000000000000000000000000000000000000000000000000000000000000000000000000000000000002750000000000000000          000000000000000000000000000000000000000000000000  07000004
70000000000000000011550004665810115004DOC4883                  0046658100000048210000000   00000000000000 0114130619DOC4883                       130619000000022942908501155010000000000100000000000000000000000000000000000000000000000000000000000000000000000000000000000000000000000000000000000000000000000000000000000000000000000000          000000000000000000000000000000000000000000000000  00000005
70000000000000000011550004665810115004NFSE4821                 0046658100000042010000000   00000000000000 0114130619NFSE4821                      130619000000001700008501155010000000000100000000000000000000000000000000000000000000000000000000000000000000000000000000000000000000000000000000000000000000000000000000000000000000000000          000000000000000000000000000000000000000000000000  00000006
9201001          000001060000001703080200000000          000000000000000000000000000000          000000000000000000000000000000          000000000000000000000000000000                                                  000000000000000000000000000000                                                                                                                                                   000007
