02RETORNO01COBRANCA       01155000490849000000PLANNER SOLUCOES EMPRESARIAIS 085COOPERATIVA DE 0606190000040                                          0115004                                                                                                                                                                                                                                              000001
70000000000000000011550004908490115004DOC1825                  0049084900000015010000050   00000000000000 0102050619DOC1825                       100619000000003900008501155010000000000000000000000000000000000000000000000000000000000000000000000000000000000000000000000000000000000000000000000000000000000000000000000000000000000000          000000000000000000000000000000000000000000000000  00000002
70000000000000000011550004908490115004NFSE1788                 0049084900000010110000001   00000000000000 0106050619NFSE1788                      050619000000025550008501155010606190000100000000000000000000000000000000000000000000000000000000000000000000000000000000000000000000000000000000000000000000000000000025550000000000000000          000000000000000000000000000000000000000000000000  02000003
70000000000000000011550004908490115004NFSE1794                 0049084900000010710000001   00000000000000 0106050619NFSE1794                      050619000000024500075617710010606190000184000000000000000000000000000000000000000000000000000000000000000000000000000000000000000000000000000000000000000000000000000024500000000000000000          000000000000000000000000000000000000000000000000  08000004
70000000000000000011550004908490115004DOC1064                  0049084900000013210000001   00000000000000 0106050619DOC1064                       050619000000016576075603190010606190000184000000000000000000000000000000000000000000000000000000000000000000000000000000000000000000000000000000000000000000000000000016576000000000000000          000000000000000000000000000000000000000000000000  08000005
70000000000000000011550004908490115004DOC1071                  0049084900000013910000001   00000000000000 0106050619DOC1071                       050619000000010000075630341010606190000184000000000000000000000000000000000000000000000000000000000000000000000000000000000000000000000000000000000000000000000000000010000000000000000000          000000000000000000000000000000000000000000000000  02000006
70000000000000000011550004908490115004DOC1823                  0049084900000014810000001   00000000000000 0106050619DOC1823                       050619000000018564075603530010606190000184000000000000000000000000000000000000000000000000000000000000000000000000000000000000000000000000000000000000000000000000000018564000000000000000          000000000000000000000000000000000000000000000000  08000007
70000000000000000011550004908490115004DOC1818                  0049084900000014210000001   00000000000000 0106050619DOC1818                       050619000000010933275603271010606190000184000000000000000000000000000000000000000000000000000000000000000000000000000000000000000000000000000000000000000000000000000010933200000000000000          000000000000000000000000000000000000000000000000  08000008
70000000000000000011550004908490115004DOC1821                  0049084900000014410000001   00000000000000 0106050619DOC1821                       050619000000003900075630341010606190000184000000000000000000000000000000000000000000000000000000000000000000000000000000000000000000000000000000000000000000000000000003900000000000000000          000000000000000000000000000000000000000000000000  02000009
70000000000000000011550004908490115004NFSE1791                 0049084900000010410000001   00000000000000 0106050619NFSE1791                      050619000000041054075630848010606190000184000000000000000000000000000000000000000000000000000000000000000000000000000000000000000000000000000000000000000000000000000041054000000000000000          000000000000000000000000000000000000000000000000  02000010
70000000000000000011550004908490115004NFSE1802                 0049084900000011510000001   00000000000000 0106050619NFSE1802                      050619000000047000034101325010606190000184000000000000000000000000000000000000000000000000000000000000000000000000000000000000000000000000000000000000000000000000000047000000000000000000          000000000000000000000000000000000000000000000000  09000011
70000000000000000011550004908490115004NFSE1800                 0049084900000011310000001   00000000000000 0106050619NFSE1800                      050619000000012000034108044010606190000184000000000000000000000000000000000000000000000000000000000000000000000000000000000000000000000000000000000000000000000000000012000000000000000000          000000000000000000000000000000000000000000000000  09000012
70000000000000000011550004908490115004NFSE1795                 0049084900000010810000001   00000000000000 0106050619NFSE1795                      050619000000008712534184832010606190000184000000000000000000000000000000000000000000000000000000000000000000000000000000000000000000000000000000000000000000000000000008712500000000000000          000000000000000000000000000000000000000000000000  09000013
70000000000000000011550004908490115004NFSE1798                 0049084900000011110000001   00000000000000 0106050619NFSE1798                      050619000000024000034184832010606190000184000000000000000000000000000000000000000000000000000000000000000000000000000000000000000000000000000000000000000000000000000024000000000000000000          000000000000000000000000000000000000000000000000  02000014
70000000000000000011550004908490115004NFSE1790                 0049084900000010310000001   00000000000000 0106050619NFSE1790                      050619000000006302823703670010606190000184000000000000000000000000000000000000000000000000000000000000000000000000000000000000000000000000000000000000000000000000000006302800000000000000          000000000000000000000000000000000000000000000000  02000015
70000000000000000011550004908490115004NFSE1810                 0049084900000012310000001   00000000000000 0106050619NFSE1810                      050619000000021000023703786010606190000184000000000000000000000000000000000000000000000000000000000000000000000000000000000000000000000000000000000000000000000000000021000000000000000000          000000000000000000000000000000000000000000000000  02000016
70000000000000000011550004908490115004NFSE1799                 0049084900000011210000001   00000000000000 0106050619NFSE1799                      050619000000028000023725500010606190000184000000000000000000000000000000000000000000000000000000000000000000000000000000000000000000000000000000000000000000000000000028000000000000000000          000000000000000000000000000000000000000000000000  02000017
70000000000000000011550004908490115004DOC1070                  0049084900000013810000001   00000000000000 0106050619DOC1070                       050619000000013286023703670010606190000184000000000000000000000000000000000000000000000000000000000000000000000000000000000000000000000000000000000000000000000000000013286000000000000000          000000000000000000000000000000000000000000000000  02000018
70000000000000000011550004908490115004DOC1068                  0049084900000013610000001   00000000000000 0106050619DOC1068                       050619000000013286023703670010606190000184000000000000000000000000000000000000000000000000000000000000000000000000000000000000000000000000000000000000000000000000000013286000000000000000          000000000000000000000000000000000000000000000000  02000019
70000000000000000011550004908490115004NFSE1803                 0049084900000011610000001   00000000000000 0106050619NFSE1803                      050619000000006000023703670010606190000184000000000000000000000000000000000000000000000000000000000000000000000000000000000000000000000000000000000000000000000000000006000000000000000000          000000000000000000000000000000000000000000000000  02000020
70000000000000000011550004908490115004DOC1078                  0049084900000014610000001   00000000000000 0106050619DOC1078                       050619000000027068300102763010606190000184000000000000000000000000000000000000000000000000000000000000000000000000000000000000000000000000000000000000000000000000000027068300000000000000          000000000000000000000000000000000000000000000000  02000021
70000000000000000011550004908490115004NFSE1808                 0049084900000012110000001   00000000000000 0106050619NFSE1808                      050619000000022000000124953010606190000184000000000000000000000000000000000000000000000000000000000000000000000000000000000000000000000000000000000000000000000000000022000000000000000000          000000000000000000000000000000000000000000000000  02000022
70000000000000000011550004908490115004NFSE1797                 0049084900000011010000001   00000000000000 0106050619NFSE1797                      050619000000020440000124953010606190000184000000000000000000000000000000000000000000000000000000000000000000000000000000000000000000000000000000000000000000000000000020440000000000000000          000000000000000000000000000000000000000000000000  02000023
70000000000000000011550004908490115004DOC1067                  0049084900000013510000001   00000000000000 0106050619DOC1067                       050619000000009709000102763010606190000184000000000000000000000000000000000000000000000000000000000000000000000000000000000000000000000000000000000000000000000000000009709000000000000000          000000000000000000000000000000000000000000000000  02000024
70000000000000000011550004908490115004NFSE1796                 0049084900000010910000001   00000000000000 0106050619NFSE1796                      050619000000022000000125453010606190000184000000000000000000000000000000000000000000000000000000000000000000000000000000000000000000000000000000000000000000000000000022000000000000000000          000000000000000000000000000000000000000000000000  02000025
70000000000000000011550004908490115004NFSE1785                 0049084900000009910000001   00000000000000 0106050619NFSE1785                      050619000000012547000134207010606190000184000000000000000000000000000000000000000000000000000000000000000000000000000000000000000000000000000000000000000000000000000012547000000000000000          000000000000000000000000000000000000000000000000  02000026
70000000000000000011550004908490115004DOC1066                  0049084900000013410000001   00000000000000 0106050619DOC1066                       050619000000016576008501015010606190000100000000000000000000000000000000000000000000000000000000000000000000000000000000000000000000000000000000000000000000000000000016576000000000000000          000000000000000000000000000000000000000000000000  02000027
70000000000000000011550004908490115004DOC1822                  0049084900000014510000000   00000000000000 0114050619DOC1822                       100619000000011250008501155010000000000100000000000000000000000000000000000000000000000000000000000000000000000000000000000000000000000000000000000000000000000000000000000000000000000000          000000000000000000000000000000000000000000000000  00000028
9201001          000000300000000533010500000000          000000000000000000000000000000          000000000000000000000000000000          000000000000000000000000000000                                                  000000000000000000000000000000                                                                                                                                                   000029
