02RETORNO01COBRANCA       01155000466581000000PLANNER CONTABILIDADE E AUDITO085COOPERATIVA DE 1906190000056                                          0115004                                                                                                                                                                                                                                              000001
70000000000000000011550004665810115004NFSE4834                 0046658100000043310000001   00000000000000 0106180619NFSE4834                      100519000000002280021200019011906190000184000000000000000000000000000000000000000000000000000000000000000000000000000000000000000090100000000000000000000000000000000002370100000000000000          000000000000000000000000000000000000000000000000  02000002
70000000000000000011550004665810115004DOC4936                  0046658100000053510000000   00000000000000 0131180619DOC4936                       150619000000006150008501155010000000000100000000000000000000000000000000000000000000000000000000000000100000000000000000000000000000000000000000000000000000000000000000000000000000000000          000000000000000000000000000000000000000000000000  00000003
70000000000000000011550004665810115004DOC4992                  0046658100000059110000000   00000000000000 0110180619DOC4992                       050619000000028600008501155010000000000100000000000000000000000000000000000000000000000000000000000000000000000000000000000000000000000000000000000000000000000000000000000000000000000000          000000000000000000000000000000000000000000000000  00000004
70000000000000000011550004665810115004NFSE4835                 0046658100000043410000000   00000000000000 0110180619NFSE4835                      100519000000001920008501155010000000000100000000000000000000000000000000000000000000000000000000000000000000000000000000000000000000000000000000000000000000000000000000000000000000000000          000000000000000000000000000000000000000000000000  00000005
70000000000000000011550004665810115004NFSE4821                 0046658100000042010000000   00000000000000 0114180619NFSE4821                      190619000000001700008501155010000000000100000000000000000000000000000000000000000000000000000000000000000000000000000000000000000000000000000000000000000000000000000000000000000000000000          000000000000000000000000000000000000000000000000  00000006
9201001          000000880000000511742300000000          000000000000000000000000000000          000000000000000000000000000000          000000000000000000000000000000                                                  000000000000000000000000000000                                                                                                                                                   000007
