02RETORNO01COBRANCA       01155000490245000000PLANNER SERVICOS DE ADMINISTRA085COOPERATIVA DE 0506190000016                                          0115004                                                                                                                                                                                                                                              000001
70000000000000000011550004902450115004NFSE295                  0049024500000000910000090   00000000000000 0109040619NFSE295                       050419000000020000008501155010000000000100000000000000000000000000000000000000000000000000000000000000000000000000000000000000000000000000000000000000000000000000000000000000000000000000          000000000000000000000000000000000000000000000000  00000002
9201001          000000080000000144400000000000          000000000000000000000000000000          000000000000000000000000000000          000000000000000000000000000000                                                  000000000000000000000000000000                                                                                                                                                   000003
