02RETORNO01COBRANCA       01155000490318000000PLANNER INTELIGENCIA CONTABIL 085COOPERATIVA DE 1307190000055                                          0115004                                                                                                                                                                                                                                              000001
70000000000000000011550004903180115004DOC516                   0049031800000018810000001   00000000000000 0106120719DOC516                        120719000000003850010416373011507190000184000000000000000000000000000000000000000000000000000000000000000000000000000000000000000000000000000000000000000000000000000003850000000000000000          000000000000000000000000000000000000000000000000  02000002
70000000000000000011550004903180115004DOC518                   0049031800000019010000001   00000000000000 0106120719DOC518                        120719000000003850008501015011507190000100000000000000000000000000000000000000000000000000000000000000000000000000000000000000000000000000000000000000000000000000000003850000000000000000          000000000000000000000000000000000000000000000000  02000003
70000000000000000011550004903180115004DOC517                   0049031800000018910000001   00000000000000 0106120719DOC517                        120719000000003850008501015011507190000100000000000000000000000000000000000000000000000000000000000000000000000000000000000000000000000000000000000000000000000000000003850000000000000000          000000000000000000000000000000000000000000000000  02000004
70000000000000000011550004903180115004DOC488                   0049031800000015910000001   00000000000000 0106120719DOC488                        150719000000003300008501015011507190000100000000000000000000000000000000000000000000000000000000000000000000000000000000000000000000000000000000000000000000000000000003300000000000000000          000000000000000000000000000000000000000000000000  02000005
9201001          000000240000000169879600000000          000000000000000000000000000000          000000000000000000000000000000          000000000000000000000000000000                                                  000000000000000000000000000000                                                                                                                                                   000006
