02RETORNO01COBRANCA       01155000466581000000PLANNER CONTABILIDADE E AUDITO085COOPERATIVA DE 1307190000070                                          0115004                                                                                                                                                                                                                                              000001
70000000000000000011550004665810115004DOC5155                  0046658100000073110000001   00000000000000 0106120719DOC5155                       120719000000011000075630848011507190000184000000000000000000000000000000000000000000000000000000000000000000000000000000000000000000000000000000000000000000000000000011000000000000000000          000000000000000000000000000000000000000000000000  02000002
70000000000000000011550004665810115004DOC5197                  0046658100000077310000001   00000000000000 0106120719DOC5197                       050719000000002500000102763011507190000184000000000000000000000000000000000000000000000000000000000000000000000000000000000000000058700000000000000000000000000000000002558700000000000000          000000000000000000000000000000000000000000000000  01000003
70000000000000000011550004665810115004DOC5070                  0046658100000064610000001   00000000000000 0106120719DOC5070                       120719000000021300000102763011507190000184000000000000000000000000000000000000000000000000000000000000000000000000000000000000000000000000000000000000000000000000000021300000000000000000          000000000000000000000000000000000000000000000000  02000004
70000000000000000011550004665810115004DOC5145                  0046658100000072110000001   00000000000000 0106120719DOC5145                       120719000000002750008501066011507190000100000000000000000000000000000000000000000000000000000000000000000000000000000000000000000000000000000000000000000000000000000002750000000000000000          000000000000000000000000000000000000000000000000  02000005
9201001          000000980000001484612600000000          000000000000000000000000000000          000000000000000000000000000000          000000000000000000000000000000                                                  000000000000000000000000000000                                                                                                                                                   000006
