02RETORNO01COBRANCA       01155000490245000000PLANNER SERVICOS DE ADMINISTRA085COOPERATIVA DE 0808190000030                                          0115004                                                                                                                                                                                                                                              000001
70000000000000000011550004902450115004DOC311                   0049024500000002710000001   00000000000000 0106070819DOC311                        070819000000020000075630341010808190000184000000000000000000000000000000000000000000000000000000000000000000000000000000000000000000000000000000000000000000000000000020000000000000000000          000000000000000000000000000000000000000000000000  02000002
70000000000000000011550004902450115004DOC316                   0049024500000252410000000   00000000000000 0114070819DOC316                        090819000000023000008501155010000000000100000000000000000000000000000000000000000000000000000000000000000000000000000000000000000000000000000000000000000000000000000000000000000000000000          000000000000000000000000000000000000000000000000  00000003
9201001          000000100000000231700000000000          000000000000000000000000000000          000000000000000000000000000000          000000000000000000000000000000                                                  000000000000000000000000000000                                                                                                                                                   000004
