02RETORNO01COBRANCA       01155000490318000000PLANNER INTELIGENCIA CONTABIL 085COOPERATIVA DE 0907190000051                                          0115004                                                                                                                                                                                                                                              000001
70000000000000000011550004903180115004DOC510                   0049031800000018210000001   00000000000000 0106080719DOC510                        100719000000002799908501015010907190000100000000000000000000000000000000000000000000000000000000000000000000000000000000000000000000000000000000000000000000000000000002799900000000000000          000000000000000000000000000000000000000000000000  02000002
70000000000000000011550004903180115004DOC529                   0049031800000020110000001   00000000000000 0106080719DOC529                        220719000000003500008501015010907190000100000000000000000000000000000000000000000000000000000000000000000000000000000000000000000000000000000000000000000000000000000003500000000000000000          000000000000000000000000000000000000000000000000  02000003
9201001          000000520000000356264400000000          000000000000000000000000000000          000000000000000000000000000000          000000000000000000000000000000                                                  000000000000000000000000000000                                                                                                                                                   000004
