02RETORNO01COBRANCA       01155000490849000000PLANNER SOLUCOES EMPRESARIAIS 085COOPERATIVA DE 1608190000076                                          0115004                                                                                                                                                                                                                                              000001
70000000000000000011550004908490115004DOC1897                  0049084900000023310000001   00000000000000 0106150819DOC1897                       150819000000029500008501155011608190000100000000000000000000000000000000000000000000000000000000000000000000000000000000000000000000000000000000000000000000000000000029500000000000000000          000000000000000000000000000000000000000000000000  02000002
70000000000000000011550004908490115004DOC1890                  0049084900000022610000001   00000000000000 0106150819DOC1890                       150819000000045000042200671011608190000184000000000000000000000000000000000000000000000000000000000000000000000000000000000000000000000000000000000000000000000000000045000000000000000000          000000000000000000000000000000000000000000000000  09000003
70000000000000000011550004908490115004DOC1100                  0049084900000023710000001   00000000000000 0106150819DOC1100                       150819000000019036000136331011608190000184000000000000000000000000000000000000000000000000000000000000000000000000000000000000000000000000000000000000000000000000000019036000000000000000          000000000000000000000000000000000000000000000000  08000004
9201001          000000190000000421012900000000          000000000000000000000000000000          000000000000000000000000000000          000000000000000000000000000000                                                  000000000000000000000000000000                                                                                                                                                   000005
