02RETORNO01COBRANCA       01155000490245000000PLANNER SERVICOS DE ADMINISTRA085COOPERATIVA DE 1206190000018                                          0115004                                                                                                                                                                                                                                              000001
70000000000000000011550004902450115004NFSE296-3                0049024500000001210000001   00000000000000 0106110619NFSE296-3                     100619000000003200075630341011206190000184000000000000000000000000000000000000000000000000000000000000000000000000000000000000000065600000000000000000000000000000000003265600000000000000          000000000000000000000000000000000000000000000000  02000002
9201001          000000060000000135800000000000          000000000000000000000000000000          000000000000000000000000000000          000000000000000000000000000000                                                  000000000000000000000000000000                                                                                                                                                   000003
