02RETORNO01COBRANCA       01155000490849000000PLANNER SOLUCOES EMPRESARIAIS 085COOPERATIVA DE 1708190000077                                          0115004                                                                                                                                                                                                                                              000001
70000000000000000011550004908490115004DOC1887                  0049084900000022310000001   00000000000000 0106160819DOC1887                       150819000000029324400125720011908190000184000000000000000000000000000000000000000000000000000000000000000000000000000000000000000601000000000000000000000000000000000029925400000000000000          000000000000000000000000000000000000000000000000  02000002
9201001          000000180000000391688500000000          000000000000000000000000000000          000000000000000000000000000000          000000000000000000000000000000                                                  000000000000000000000000000000                                                                                                                                                   000003
