02RETORNO01COBRANCA       01155000466581000000PLANNER CONTABILIDADE E AUDITO085COOPERATIVA DE 0207190000061                                          0115004                                                                                                                                                                                                                                              000001
70000000000000000011550004665810115004DOC5126                  0046658100000070210000001   00000000000000 0106010719DOC5126                       120719000000001100008501155010207190000100000000000000000000000000000000000000000000000000000000000000000000000000000000000000000000000000000000000000000000000000000001100000000000000000          000000000000000000000000000000000000000000000000  02000002
70000000000000000011550004665810115004DOC5087                  0046658100000066310000001   00000000000000 0106010719DOC5087                       050719000000002873808501155010207190000100000000000000000000000000000000000000000000000000000000000000000000000000000000000000000000000000000000000000000000000000000002873800000000000000          000000000000000000000000000000000000000000000000  02000003
70000000000000000011550004665810115004DOC5096                  0046658100000067210000001   00000000000000 0106010719DOC5096                       050719000000004686075617710010207190000184000000000000000000000000000000000000000000000000000000000000000000000000000000000000000000000000000000000000000000000000000004686000000000000000          000000000000000000000000000000000000000000000000  08000004
70000000000000000011550004665810115004DOC5100                  0046658100000067610000001   00000000000000 0106010719DOC5100                       050719000000002873875630341010207190000184000000000000000000000000000000000000000000000000000000000000000000000000000000000000000000000000000000000000000000000000000002873800000000000000          000000000000000000000000000000000000000000000000  02000005
70000000000000000011550004665810115004DOC5195                  0046658100000077110000001   00000000000000 0106010719DOC5195                       050719000000002500010404235010207190000184000000000000000000000000000000000000000000000000000000000000000000000000000000000000000000000000000000000000000000000000000002500000000000000000          000000000000000000000000000000000000000000000000  07000006
70000000000000000011550004665810115004DOC5042                  0046658100000061810000001   00000000000000 0106010719DOC5042                       050719000000002200010404235010207190000184000000000000000000000000000000000000000000000000000000000000000000000000000000000000000000000000000000000000000000000000000002200000000000000000          000000000000000000000000000000000000000000000000  02000007
9201001          000002350000002563996900000000          000000000000000000000000000000          000000000000000000000000000000          000000000000000000000000000000                                                  000000000000000000000000000000                                                                                                                                                   000008
