02RETORNO01COBRANCA       01155000466581000000PLANNER CONTABILIDADE E AUDITO085COOPERATIVA DE 1807190000073                                          0115004                                                                                                                                                                                                                                              000001
70000000000000000011550004665810115004                         0046658100000018110000099   00000000000000 0103170719                              000000000000005000008501155990000000000000000000000000000000000000000000000000000000000000000000000000000000000000000000000000000000000000000000000000000000000000000000000000000000000000          000000000000000000000000000000000000000000000000  00000002
70000000000000000011550004665810115004                         0046658100000018210000099   00000000000000 0103170719                              000000000000005000008501155990000000000000000000000000000000000000000000000000000000000000000000000000000000000000000000000000000000000000000000000000000000000000000000000000000000000000          000000000000000000000000000000000000000000000000  00000003
70000000000000000011550004665810115004DOC5141                  0046658100000071710000001   00000000000000 0106170719DOC5141                       200719000000002750008501155011807190000100000000000000000000000000000000000000000000000000000000000000000000000000000000000000000000000000000000000000000000000000000002750000000000000000          000000000000000000000000000000000000000000000000  02000004
70000000000000000011550004665810115004DOC5059                  0046658100000063510000001   00000000000000 0106170719DOC5059                       170719000000010943575630341011807190000184000000000000000000000000000000000000000000000000000000000000000000000000000000000000000000000000000000000000000000000000000010943500000000000000          000000000000000000000000000000000000000000000000  02000005
70000000000000000011550004665810115004DOC5146                  0046658100000072210000001   00000000000000 0106170719DOC5146                       150719000000022000023769450011807190000184000000000000000000000000000000000000000000000000000000000000000000000000000000000000000462000000000000000000000000000000000022462000000000000000          000000000000000000000000000000000000000000000000  02000006
9201001          000000770000000441612700000000          000000000000000000000000000000          000000000000000000000000000000          000000000000000000000000000000                                                  000000000000000000000000000000                                                                                                                                                   000007
