02RETORNO01COBRANCA       01155000490245000000PLANNER SERVICOS DE ADMINISTRA085COOPERATIVA DE 0608190000028                                          0115004                                                                                                                                                                                                                                              000001
70000000000000000011550004902450115004DOC322                   0049024500000253010000001   00000000000000 0106050819DOC322                        050819000000026900008501155010608190000100000000000000000000000000000000000000000000000000000000000000000000000000000000000000000000000000000000000000000000000000000026900000000000000000          000000000000000000000000000000000000000000000000  02000002
70000000000000000011550004902450115004DOC311                   0049024500000002710000000   00000000000000 0114050819DOC311                        070819000000020000008501155010000000000100000000000000000000000000000000000000000000000000000000000000000000000000000000000000000000000000000000000000000000000000000000000000000000000000          000000000000000000000000000000000000000000000000  00000003
9201001          000000110000000251700000000000          000000000000000000000000000000          000000000000000000000000000000          000000000000000000000000000000                                                  000000000000000000000000000000                                                                                                                                                   000004
