02RETORNO01COBRANCA       01155000490849000000PLANNER SOLUCOES EMPRESARIAIS 085COOPERATIVA DE 0608190000071                                          0115004                                                                                                                                                                                                                                              000001
70000000000000000011550004908490115004DOC1881                  0049084900000021710000001   00000000000000 0106050819DOC1881                       050819000000028000008501155010608190000100000000000000000000000000000000000000000000000000000000000000000000000000000000000000000000000000000000000000000000000000000028000000000000000000          000000000000000000000000000000000000000000000000  02000002
70000000000000000011550004908490115004DOC1875                  0049084900000021110000001   00000000000000 0106050819DOC1875                       050819000000024500075617710010608190000184000000000000000000000000000000000000000000000000000000000000000000000000000000000000000000000000000000000000000000000000000024500000000000000000          000000000000000000000000000000000000000000000000  08000003
70000000000000000011550004908490115004DOC1103                  0049084900000024010000001   00000000000000 0106050819DOC1103                       050819000000016940675630694010608190000184000000000000000000000000000000000000000000000000000000000000000000000000000000000000000000000000000000000000000000000000000016940600000000000000          000000000000000000000000000000000000000000000000  02000004
70000000000000000011550004908490115004DOC1110                  0049084900000024710000001   00000000000000 0106050819DOC1110                       050819000000010000075630341010608190000184000000000000000000000000000000000000000000000000000000000000000000000000000000000000000000000000000000000000000000000000000010000000000000000000          000000000000000000000000000000000000000000000000  02000005
70000000000000000011550004908490115004DOC1104                  0049084900000024110000001   00000000000000 0106050819DOC1104                       050819000000015713375603530010608190000184000000000000000000000000000000000000000000000000000000000000000000000000000000000000000000000000000000000000000000000000000015713300000000000000          000000000000000000000000000000000000000000000000  08000006
70000000000000000011550004908490115004DOC1866                  0049084900000020210000001   00000000000000 0106050819DOC1866                       050819000000010933275603271010608190000184000000000000000000000000000000000000000000000000000000000000000000000000000000000000000000000000000000000000000000000000000010933200000000000000          000000000000000000000000000000000000000000000000  08000007
70000000000000000011550004908490115004DOC1883                  0049084900000021910000001   00000000000000 0106050819DOC1883                       050819000000047000034101325010608190000184000000000000000000000000000000000000000000000000000000000000000000000000000000000000000000000000000000000000000000000000000047000000000000000000          000000000000000000000000000000000000000000000000  09000008
70000000000000000011550004908490115004DOC1882                  0049084900000021810000001   00000000000000 0106050819DOC1882                       050819000000012000034108044010608190000184000000000000000000000000000000000000000000000000000000000000000000000000000000000000000000000000000000000000000000000000000012000000000000000000          000000000000000000000000000000000000000000000000  09000009
70000000000000000011550004908490115004DOC1876                  0049084900000021210000001   00000000000000 0106050819DOC1876                       050819000000008712534184832010608190000184000000000000000000000000000000000000000000000000000000000000000000000000000000000000000000000000000000000000000000000000000008712500000000000000          000000000000000000000000000000000000000000000000  09000010
70000000000000000011550004908490115004DOC1878                  0049084900000021410000001   00000000000000 0106050819DOC1878                       050819000000020440023769450010608190000184000000000000000000000000000000000000000000000000000000000000000000000000000000000000000000000000000000000000000000000000000020440000000000000000          000000000000000000000000000000000000000000000000  08000011
70000000000000000011550004908490115004DOC1869                  0049084900000020510000001   00000000000000 0106050819DOC1869                       050819000000025550075630848010608190000184000000000000000000000000000000000000000000000000000000000000000000000000000000000000000000000000000000000000000000000000000025550000000000000000          000000000000000000000000000000000000000000000000  02000012
70000000000000000011550004908490115004DOC1871                  0049084900000020710000001   00000000000000 0106050819DOC1871                       050819000000006302823703670010608190000184000000000000000000000000000000000000000000000000000000000000000000000000000000000000000000000000000000000000000000000000000006302800000000000000          000000000000000000000000000000000000000000000000  02000013
70000000000000000011550004908490115004DOC1872                  0049084900000020810000001   00000000000000 0106050819DOC1872                       050819000000041054023703514010608190000184000000000000000000000000000000000000000000000000000000000000000000000000000000000000000000000000000000000000000000000000000041054000000000000000          000000000000000000000000000000000000000000000000  02000014
70000000000000000011550004908490115004DOC1884                  0049084900000022010000001   00000000000000 0106050819DOC1884                       050819000000006000023703670010608190000184000000000000000000000000000000000000000000000000000000000000000000000000000000000000000000000000000000000000000000000000000006000000000000000000          000000000000000000000000000000000000000000000000  02000015
70000000000000000011550004908490115004DOC1107                  0049084900000024410000001   00000000000000 0106050819DOC1107                       050819000000013286023703670010608190000184000000000000000000000000000000000000000000000000000000000000000000000000000000000000000000000000000000000000000000000000000013286000000000000000          000000000000000000000000000000000000000000000000  02000016
70000000000000000011550004908490115004DOC1099                  0049084900000023610000001   00000000000000 0106050819DOC1099                       050819000000023013700102763010608190000184000000000000000000000000000000000000000000000000000000000000000000000000000000000000000000000000000000000000000000000000000023013700000000000000          000000000000000000000000000000000000000000000000  02000017
70000000000000000011550004908490115004DOC1874                  0049084900000021010000001   00000000000000 0106050819DOC1874                       050819000000029324400125720010608190000184000000000000000000000000000000000000000000000000000000000000000000000000000000000000000000000000000000000000000000000000000029324400000000000000          000000000000000000000000000000000000000000000000  02000018
70000000000000000011550004908490115004DOC1106                  0049084900000024310000001   00000000000000 0106050819DOC1106                       050819000000009709000102763010608190000184000000000000000000000000000000000000000000000000000000000000000000000000000000000000000000000000000000000000000000000000000009709000000000000000          000000000000000000000000000000000000000000000000  02000019
70000000000000000011550004908490115004DOC1108                  0049084900000024510000001   00000000000000 0106050819DOC1108                       050819000000013286000102763010608190000184000000000000000000000000000000000000000000000000000000000000000000000000000000000000000000000000000000000000000000000000000013286000000000000000          000000000000000000000000000000000000000000000000  02000020
70000000000000000011550004908490115004DOC1879                  0049084900000021510000001   00000000000000 0106050819DOC1879                       050819000000024000000124953010608190000184000000000000000000000000000000000000000000000000000000000000000000000000000000000000000000000000000000000000000000000000000024000000000000000000          000000000000000000000000000000000000000000000000  02000021
70000000000000000011550004908490115004DOC1877                  0049084900000021310000001   00000000000000 0106050819DOC1877                       050819000000022000000125453010608190000184000000000000000000000000000000000000000000000000000000000000000000000000000000000000000000000000000000000000000000000000000022000000000000000000          000000000000000000000000000000000000000000000000  02000022
70000000000000000011550004908490115004DOC1864                  0049084900000020010000001   00000000000000 0106050819DOC1864                       050819000000031506400134207010608190000184000000000000000000000000000000000000000000000000000000000000000000000000000000000000000000000000000000000000000000000000000031506400000000000000          000000000000000000000000000000000000000000000000  02000023
70000000000000000011550004908490115004DOC1865                  0049084900000020110000001   00000000000000 0106050819DOC1865                       050819000000005887310404235010608190000184000000000000000000000000000000000000000000000000000000000000000000000000000000000000000000000000000000000000000000000000000005887300000000000000          000000000000000000000000000000000000000000000000  02000024
70000000000000000011550004908490115004DOC1105                  0049084900000024210000001   00000000000000 0106050819DOC1105                       050819000000016940608501015010608190000100000000000000000000000000000000000000000000000000000000000000000000000000000000000000000000000000000000000000000000000000000016940600000000000000          000000000000000000000000000000000000000000000000  02000025
70000000000000000011550004908490115004DOC1111                  0049084900000024810000001   00000000000000 0106050819DOC1111                       050819000000016940608501015010608190000100000000000000000000000000000000000000000000000000000000000000000000000000000000000000000000000000000000000000000000000000000016940600000000000000          000000000000000000000000000000000000000000000000  02000026
9201001          000000300000000618268700000000          000000000000000000000000000000          000000000000000000000000000000          000000000000000000000000000000                                                  000000000000000000000000000000                                                                                                                                                   000027
