02RETORNO01COBRANCA       01155000490849000000PLANNER SOLUCOES EMPRESARIAIS 085COOPERATIVA DE 0208190000069                                          0115004                                                                                                                                                                                                                                              000001
70000000000000000011550004908490115004DOC1848                  0049084900000017210000001   00000000000000 0106010819DOC1848                       100719000000025000023769450010208190000184000000000000000000000000000000000000000000000000000000000000000000000000000000000000000775000000000000000000000000000000000025775000000000000000          000000000000000000000000000000000000000000000000  02000002
9201001          000000580000001138309100000000          000000000000000000000000000000          000000000000000000000000000000          000000000000000000000000000000                                                  000000000000000000000000000000                                                                                                                                                   000003
