02RETORNO01COBRANCA       01155000490849000000PLANNER SOLUCOES EMPRESARIAIS 085COOPERATIVA DE 3008190000085                                          0115004                                                                                                                                                                                                                                              000001
70000000000000000011550004908490115004DOC1891                  0049084900000022710000001   00000000000000 0106290819DOC1891                       300819000000005250023703786013008190000184000000000000000000000000000000000000000000000000000000000000000000000000000000000000000000000000000000000000000000000000000005250000000000000000          000000000000000000000000000000000000000000000000  02000002
9201001          000000060000000127125000000000          000000000000000000000000000000          000000000000000000000000000000          000000000000000000000000000000                                                  000000000000000000000000000000                                                                                                                                                   000003
