02RETORNO01COBRANCA       01155000490849000000PLANNER SOLUCOES EMPRESARIAIS 085COOPERATIVA DE 2708190000082                                          0115004                                                                                                                                                                                                                                              000001
70000000000000000011550004908490115004DOC1870                  0049084900000020610000001   00000000000000 0106260819DOC1870                       250819000000014075623703670012708190000184000000000000000000000000000000000000000000000000000000000000000000000000000000000000000000000000000000000000000000000000000014075600000000000000          000000000000000000000000000000000000000000000000  02000002
70000000000000000011550004908490115004NFSE1811                 0049084900000012410000090   00000000000000 0109260819NFSE1811                      250619000000004500008501155010000000000100000000000000000000000000000000000000000000000000000000000000000000000000000000000000000000000000000000000000000000000000000000000000000000000000          000000000000000000000000000000000000000000000000  00000003
9201001          000000100000000219375000000000          000000000000000000000000000000          000000000000000000000000000000          000000000000000000000000000000                                                  000000000000000000000000000000                                                                                                                                                   000004
