02RETORNO01COBRANCA       01155000490318000000PLANNER INTELIGENCIA CONTABIL 085COOPERATIVA DE 2407190000061                                          0115004                                                                                                                                                                                                                                              000001
70000000000000000011550004903180115004DOC498-2                 0049031800000017010000001   00000000000000 0106230719DOC498-2                      250719000000014850008501015012407190000100000000000000000000000000000000000000000000000000000000000000000000000000000000000000000000000000000000000000000000000000000014850000000000000000          000000000000000000000000000000000000000000000000  02000002
70000000000000000011550004903180115004NFSE428                  0049031800000009810000090   00000000000000 0109230719NFSE428                       220519000000014000008501155010000000000100000000000000000000000000000000000000000000000000000000000000000000000000000000000000000000000000000000000000000000000000000000000000000000000000          000000000000000000000000000000000000000000000000  00000003
70000000000000000011550004903180115004NFSE401                  0049031800000007110000000   00000000000000 0114230719NFSE401                       240719000000002750008501155010000000000100000000000000000000000000000000000000000000000000000000000000000000000000000000000000000000000000000000000000000000000000000000000000000000000000          000000000000000000000000000000000000000000000000  00000004
9201001          000000140000000086624600000000          000000000000000000000000000000          000000000000000000000000000000          000000000000000000000000000000                                                  000000000000000000000000000000                                                                                                                                                   000005
