02RETORNO01COBRANCA       01155000490318000000PLANNER INTELIGENCIA CONTABIL 085COOPERATIVA DE 1607190000056                                          0115004                                                                                                                                                                                                                                              000001
70000000000000000011550004903180115004DOC533                   0049031800000020510000001   00000000000000 0106150719DOC533                        150719000000023500004105150011607190000184000000000000000000000000000000000000000000000000000000000000000000000000000000000000000000000000000000000000000000000000000023500000000000000000          000000000000000000000000000000000000000000000000  02000002
70000000000000000011550004903180115004DOC496                   0049031800000016710000001   00000000000000 0106150719DOC496                        150719000000002750008501066011607190000100000000000000000000000000000000000000000000000000000000000000000000000000000000000000000000000000000000000000000000000000000002750000000000000000          000000000000000000000000000000000000000000000000  02000003
9201001          000000200000000140079600000000          000000000000000000000000000000          000000000000000000000000000000          000000000000000000000000000000                                                  000000000000000000000000000000                                                                                                                                                   000004
