02RETORNO01COBRANCA       01155000490318000000PLANNER INTELIGENCIA CONTABIL 085COOPERATIVA DE 0308190000064                                          0115004                                                                                                                                                                                                                                              000001
70000000000000000011550004903180115004DOC581                   0049031800000025310000001   00000000000000 0106020819DOC581                        050819000000000800023703336010508190000184000000000000000000000000000000000000000000000000000000000000000000000000000000000000000000000000000000000000000000000000000000800000000000000000          000000000000000000000000000000000000000000000000  02000002
9201001          000000660000000408458600000000          000000000000000000000000000000          000000000000000000000000000000          000000000000000000000000000000                                                  000000000000000000000000000000                                                                                                                                                   000003
