02RETORNO01COBRANCA       01155000466581000000PLANNER CONTABILIDADE E AUDITO085COOPERATIVA DE 1306190000052                                          0115004                                                                                                                                                                                                                                              000001
70000000000000000011550004665810115004NFSE4705                 0046658100000032510000001   00000000000000 0106120619NFSE4705                      050519000000009236008501155011306190000100000000000000000000000000000000000000000000000000000000000000000000000000000000000000000360100000000000000000000000000000000009596100000000000000          000000000000000000000000000000000000000000000000  02000002
70000000000000000011550004665810115004DOC4924                  0046658100000052310000001   00000000000000 0106120619DOC4924                       150619000000004023375627006011306190000184000000000000000000000000000000000000000000000000000000000000000000000000000000000000000000000000000000000000000000000000000004023300000000000000          000000000000000000000000000000000000000000000000  08000003
70000000000000000011550004665810115004DOC4880                  0046658100000047910000001   00000000000000 0106120619DOC4880                       120619000000021300023703670011306190000184000000000000000000000000000000000000000000000000000000000000000000000000000000000000000000000000000000000000000000000000000021300000000000000000          000000000000000000000000000000000000000000000000  02000004
70000000000000000011550004665810115004DOC4958                  0046658100000055710000001   00000000000000 0106120619DOC4958                       120619000000004250008501066011306190000100000000000000000000000000000000000000000000000000000000000000000000000000000000000000000000000000000000000000000000000000000004250000000000000000          000000000000000000000000000000000000000000000000  02000005
70000000000000000011550004665810115004DOC4970                  0046658100000056910000001   00000000000000 0106120619DOC4970                       120619000000011000000154380011306190000184000000000000000000000000000000000000000000000000000000000000000000000000000000000000000000000000000000000000000000000000000011000000000000000000          000000000000000000000000000000000000000000000000  02000006
70000000000000000011550004665810115004DOC4883                  0046658100000048210000000   00000000000000 0114120619DOC4883                       120619000000022942908501155010000000000100000000000000000000000000000000000000000000000000000000000000000000000000000000000000000000000000000000000000000000000000000000000000000000000000          000000000000000000000000000000000000000000000000  00000007
70000000000000000011550004665810115004NFSE4781                 0046658100000038010000000   00000000000000 0114120619NFSE4781                      200619000000001500008501155010000000000100000000000000000000000000000000000000000000000000000000000000000000000000000000000000000000000000000000000000000000000000000000000000000000000000          000000000000000000000000000000000000000000000000  00000008
9201001          000001140000001758101900000000          000000000000000000000000000000          000000000000000000000000000000          000000000000000000000000000000                                                  000000000000000000000000000000                                                                                                                                                   000009
