02RETORNO01COBRANCA       01155000490849000000PLANNER SOLUCOES EMPRESARIAIS 085COOPERATIVA DE 1907190000061                                          0115004                                                                                                                                                                                                                                              000001
70000000000000000011550004908490115004DOC1850                  0049084900000017410000001   00000000000000 0106180719DOC1850                       180719000000026000075630848011907190000184000000000000000000000000000000000000000000000000000000000000000000000000000000000000000000000000000000000000000000000000000026000000000000000000          000000000000000000000000000000000000000000000000  02000002
9201001          000000140000000232610400000000          000000000000000000000000000000          000000000000000000000000000000          000000000000000000000000000000                                                  000000000000000000000000000000                                                                                                                                                   000003
