02RETORNO01COBRANCA       01155000490318000000PLANNER INTELIGENCIA CONTABIL 085COOPERATIVA DE 1007190000052                                          0115004                                                                                                                                                                                                                                              000001
70000000000000000011550004903180115004DOC498-1                 0049031800000016910000001   00000000000000 0106090719DOC498-1                      100719000000014850008501015011007190000100000000000000000000000000000000000000000000000000000000000000000000000000000000000000000000000000000000000000000000000000000014850000000000000000          000000000000000000000000000000000000000000000000  02000002
70000000000000000011550004903180115004NFSE402                  0049031800000007210000090   00000000000000 0109090719NFSE402                       100519000000000560008501155010000000000100000000000000000000000000000000000000000000000000000000000000000000000000000000000000000000000000000000000000000000000000000000000000000000000000          000000000000000000000000000000000000000000000000  00000003
70000000000000000011550004903180115004NFSE406                  0049031800000007610000090   00000000000000 0109090719NFSE406                       100519000000010494008501155010000000000100000000000000000000000000000000000000000000000000000000000000000000000000000000000000000000000000000000000000000000000000000000000000000000000000          000000000000000000000000000000000000000000000000  00000004
9201001          000000510000000341414400000000          000000000000000000000000000000          000000000000000000000000000000          000000000000000000000000000000                                                  000000000000000000000000000000                                                                                                                                                   000005
