02RETORNO01COBRANCA       01155000490318000000PLANNER INTELIGENCIA CONTABIL 085COOPERATIVA DE 2008190000074                                          0115004                                                                                                                                                                                                                                              000001
70000000000000000011550004903180115004DOC559                   0049031800000023110000000   00000000000000 0114190819DOC559                        200819000000002799908501155010000000000100000000000000000000000000000000000000000000000000000000000000000000000000000000000000000000000000000000000000000000000000000000000000000000000000          000000000000000000000000000000000000000000000000  00000002
9201001          000000230000000120981700000000          000000000000000000000000000000          000000000000000000000000000000          000000000000000000000000000000                                                  000000000000000000000000000000                                                                                                                                                   000003
