02RETORNO01COBRANCA       01155000490849000000PLANNER SOLUCOES EMPRESARIAIS 085COOPERATIVA DE 0908190000073                                          0115004                                                                                                                                                                                                                                              000001
70000000000000000011550004908490115004DOC1098                  0049084900000023510000001   00000000000000 0106080819DOC1098                       080819000000002781375630341010908190000184000000000000000000000000000000000000000000000000000000000000000000000000000000000000000000000000000000000000000000000000000002781300000000000000          000000000000000000000000000000000000000000000000  02000002
9201001          000000290000000615487400000000          000000000000000000000000000000          000000000000000000000000000000          000000000000000000000000000000                                                  000000000000000000000000000000                                                                                                                                                   000003
