02RETORNO01COBRANCA       01155000490318000000PLANNER INTELIGENCIA CONTABIL 085COOPERATIVA DE 2108190000075                                          0115004                                                                                                                                                                                                                                              000001
70000000000000000011550004903180115004DOC566                   0049031800000023810000001   00000000000000 0106200819DOC566                        200819000000002943810404170012108190000184000000000000000000000000000000000000000000000000000000000000000000000000000000000000000000000000000000000000000000000000000002943800000000000000          000000000000000000000000000000000000000000000000  07000002
70000000000000000011550004903180115004DOC579                   0049031800000025110000001   00000000000000 0106200819DOC579                        200819000000005247008501015012108190000100000000000000000000000000000000000000000000000000000000000000000000000000000000000000000000000000000000000000000000000000000005247000000000000000          000000000000000000000000000000000000000000000000  02000003
70000000000000000011550004903180115004DOC559                   0049031800000023110000001   00000000000000 0106200819DOC559                        200819000000002799908501015012108190000100000000000000000000000000000000000000000000000000000000000000000000000000000000000000000000000000000000000000000000000000000002799900000000000000          000000000000000000000000000000000000000000000000  02000004
9201001          000000190000000095991000000000          000000000000000000000000000000          000000000000000000000000000000          000000000000000000000000000000                                                  000000000000000000000000000000                                                                                                                                                   000005
