02RETORNO01COBRANCA       01155000490245000000PLANNER SERVICOS DE ADMINISTRA085COOPERATIVA DE 1105190000009                                          0115004                                                                                                                                                                                                                                              000001
70000000000000000011550004902450115004NFSE296-2                0049024500000001110000001   00000000000000 0106100519NFSE296-2                     100519000000003200075630341011305190000184000000000000000000000000000000000000000000000000000000000000000000000000000000000000000000000000000000000000000000000000000003200000000000000000          000000000000000000000000000000000000000000000000  02000002
9201001          000000080000000157000000000000          000000000000000000000000000000          000000000000000000000000000000          000000000000000000000000000000                                                  000000000000000000000000000000                                                                                                                                                   000003
