02RETORNO01COBRANCA       01155000490318000000PLANNER INTELIGENCIA CONTABIL 085COOPERATIVA DE 0608190000065                                          0115004                                                                                                                                                                                                                                              000001
70000000000000000011550004903180115004DOC578                   0049031800000025010000001   00000000000000 0106050819DOC578                        050819000000002200034165706010608190000184000000000000000000000000000000000000000000000000000000000000000000000000000000000000000000000000000000000000000000000000000002200000000000000000          000000000000000000000000000000000000000000000000  02000002
70000000000000000011550004903180115004DOC588                   0049031800000026010000001   00000000000000 0106050819DOC588                        050819000000005000023703816010608190000184000000000000000000000000000000000000000000000000000000000000000000000000000000000000000000000000000000000000000000000000000005000000000000000000          000000000000000000000000000000000000000000000000  02000003
70000000000000000011550004903180115004DOC589                   0049031800000026110000001   00000000000000 0106050819DOC589                        050819000000015000000109288010608190000184000000000000000000000000000000000000000000000000000000000000000000000000000000000000000000000000000000000000000000000000000015000000000000000000          000000000000000000000000000000000000000000000000  02000004
70000000000000000011550004903180115004DOC576                   0049031800000024810000001   00000000000000 0106050819DOC576                        050819000000008160008501015010608190000100000000000000000000000000000000000000000000000000000000000000000000000000000000000000000000000000000000000000000000000000000008160000000000000000          000000000000000000000000000000000000000000000000  02000005
70000000000000000011550004903180115004DOC590                   0049031800000026210000001   00000000000000 0106050819DOC590                        050819000000004000008501015010608190000100000000000000000000000000000000000000000000000000000000000000000000000000000000000000000000000000000000000000000000000000000004000000000000000000          000000000000000000000000000000000000000000000000  02000006
70000000000000000011550004903180115004DOC534                   0049031800000020610000000   00000000000000 0114050819DOC534                        070819000000005000008501155010000000000100000000000000000000000000000000000000000000000000000000000000000000000000000000000000000000000000000000000000000000000000000000000000000000000000          000000000000000000000000000000000000000000000000  00000007
9201001          000000610000000374098600000000          000000000000000000000000000000          000000000000000000000000000000          000000000000000000000000000000                                                  000000000000000000000000000000                                                                                                                                                   000008
