02RETORNO01COBRANCA       01155000490849000000PLANNER SOLUCOES EMPRESARIAIS 085COOPERATIVA DE 2208190000079                                          0115004                                                                                                                                                                                                                                              000001
70000000000000000011550004908490115004DOC1895                  0049084900000023110000001   00000000000000 0106210819DOC1895                       210819000000040000034184832012208190000184000000000000000000000000000000000000000000000000000000000000000000000000000000000000000000000000000000000000000000000000000040000000000000000000          000000000000000000000000000000000000000000000000  09000002
70000000000000000011550004908490115004DOC1899                  0049084900000024910000000   00000000000000 0110210819DOC1899                       050819000000033263308501155010000000000100000000000000000000000000000000000000000000000000000000000000000000000000000000000000000000000000000000000000000000000000000000000000000000000000          000000000000000000000000000000000000000000000000  00000003
70000000000000000011550004908490115004DOC1895                  0049084900000023110000000   00000000000000 0114210819DOC1895                       210819000000040000008501155010000000000100000000000000000000000000000000000000000000000000000000000000000000000000000000000000000000000000000000000000000000000000000000000000000000000000          000000000000000000000000000000000000000000000000  00000004
9201001          000000140000000265425200000000          000000000000000000000000000000          000000000000000000000000000000          000000000000000000000000000000                                                  000000000000000000000000000000                                                                                                                                                   000005
