02RETORNO01COBRANCA       01155000466581000000PLANNER CONTABILIDADE E AUDITO085COOPERATIVA DE 2006190000057                                          0115004                                                                                                                                                                                                                                              000001
70000000000000000011550004665810115004DOC4875                  0046658100000047410000001   00000000000000 0106190619DOC4875                       150619000000006822975630341012106190000184000000000000000000000000000000000000000000000000000000000000000000000000000000000000000150000000000000000000000000000000000006972900000000000000          000000000000000000000000000000000000000000000000  02000002
70000000000000000011550004665810115004NFSE4781                 0046658100000038010000001   00000000000000 0106190619NFSE4781                      200619000000001500075630341012106190000184000000000000000000000000000000000000000000000000000000000000000000000000000000000000000000000000000000000000000000000000000001500000000000000000          000000000000000000000000000000000000000000000000  02000003
70000000000000000011550004665810115004NFSE4821                 0046658100000042010000001   00000000000000 0106190619NFSE4821                      190619000000001700010427758012106190000184000000000000000000000000000000000000000000000000000000000000000000000000000000000000000000000000000000000000000000000000000001700000000000000000          000000000000000000000000000000000000000000000000  07000004
70000000000000000011550004665810115004NFSE4396                 0046658100000002710000090   00000000000000 0109190619NFSE4396                      200419000000010731308501155010000000000100000000000000000000000000000000000000000000000000000000000000000000000000000000000000000000000000000000000000000000000000000000000000000000000000          000000000000000000000000000000000000000000000000  00000005
70000000000000000011550004665810115004NFSE4413                 0046658100000004410000090   00000000000000 0109190619NFSE4413                      200419000000016931308501155010000000000100000000000000000000000000000000000000000000000000000000000000000000000000000000000000000000000000000000000000000000000000000000000000000000000000          000000000000000000000000000000000000000000000000  00000006
70000000000000000011550004665810115004NFSE4415                 0046658100000004610000090   00000000000000 0109190619NFSE4415                      200419000000003514508501155010000000000100000000000000000000000000000000000000000000000000000000000000000000000000000000000000000000000000000000000000000000000000000000000000000000000000          000000000000000000000000000000000000000000000000  00000007
70000000000000000011550004665810115004NFSE4457                 0046658100000008810000090   00000000000000 0109190619NFSE4457                      200419000000004180008501155010000000000100000000000000000000000000000000000000000000000000000000000000000000000000000000000000000000000000000000000000000000000000000000000000000000000000          000000000000000000000000000000000000000000000000  00000008
70000000000000000011550004665810115004NFSE4458                 0046658100000008910000090   00000000000000 0109190619NFSE4458                      200419000000000880008501155010000000000100000000000000000000000000000000000000000000000000000000000000000000000000000000000000000000000000000000000000000000000000000000000000000000000000          000000000000000000000000000000000000000000000000  00000009
70000000000000000011550004665810115004DOC4936                  0046658100000053510000000   00000000000000 0110190619DOC4936                       190619000000006150008501155010000000000100000000000000000000000000000000000000000000000000000000000000100000000000000000000000000000000000000000000000000000000000000000000000000000000000          000000000000000000000000000000000000000000000000  00000010
70000000000000000011550004665810115004NFSE4708                 0046658100000032810000000   00000000000000 0110190619NFSE4708                      210619000000005500008501155010000000000100000000000000000000000000000000000000000000000000000000000000000000000000000000000000000000000000000000000000000000000000000000000000000000000000          000000000000000000000000000000000000000000000000  00000011
70000000000000000011550004665810115004DOC4936                  0046658100000053510000000   00000000000000 0114190619DOC4936                       190619000000006150008501155010000000000100000000000000000000000000000000000000000000000000000000000000100000000000000000000000000000000000000000000000000000000000000000000000000000000000          000000000000000000000000000000000000000000000000  00000012
70000000000000000011550004665810115004NFSE4708                 0046658100000032810000000   00000000000000 0114190619NFSE4708                      210619000000005500008501155010000000000100000000000000000000000000000000000000000000000000000000000000000000000000000000000000000000000000000000000000000000000000000000000000000000000000          000000000000000000000000000000000000000000000000  00000013
9201001          000000830000000490069400000000          000000000000000000000000000000          000000000000000000000000000000          000000000000000000000000000000                                                  000000000000000000000000000000                                                                                                                                                   000014
