02RETORNO01COBRANCA       01155000490318000000PLANNER INTELIGENCIA CONTABIL 085COOPERATIVA DE 1708190000073                                          0115004                                                                                                                                                                                                                                              000001
70000000000000000011550004903180115004DOC574                   0049031800000024610000001   00000000000000 0106160819DOC574                        190819000000005500008501015011908190000100000000000000000000000000000000000000000000000000000000000000000000000000000000000000000000000000000000000000000000000000000005500000000000000000          000000000000000000000000000000000000000000000000  02000002
70000000000000000011550004903180115004DOC574                   0049031800000024610000000   00000000000000 0114160819DOC574                        190819000000005500008501155010000000000100000000000000000000000000000000000000000000000000000000000000000000000000000000000000000000000000000000000000000000000000000000000000000000000000          000000000000000000000000000000000000000000000000  00000003
9201001          000000230000000120981700000000          000000000000000000000000000000          000000000000000000000000000000          000000000000000000000000000000                                                  000000000000000000000000000000                                                                                                                                                   000004
