02RETORNO01COBRANCA       01155000466581000000PLANNER CONTABILIDADE E AUDITO085COOPERATIVA DE 0607190000065                                          0115004                                                                                                                                                                                                                                              000001
70000000000000000011550004665810115004DOC5149                  0046658100000072510000001   00000000000000 0106050719DOC5149                       050719000000001650008501155010807190000100000000000000000000000000000000000000000000000000000000000000000000000000000000000000000000000000000000000000000000000000000001650000000000000000          000000000000000000000000000000000000000000000000  02000002
70000000000000000011550004665810115004DOC5178                  0046658100000075410000001   00000000000000 0106050719DOC5178                       050719000000003500008501155010807190000100000000000000000000000000000000000000000000000000000000000000000000000000000000000000000000000000000000000000000000000000000003500000000000000000          000000000000000000000000000000000000000000000000  02000003
70000000000000000011550004665810115004DOC5198                  0046658100000077410000001   00000000000000 0106050719DOC5198                       050719000000008000008501155010807190000100000000000000000000000000000000000000000000000000000000000000000000000000000000000000000000000000000000000000000000000000000008000000000000000000          000000000000000000000000000000000000000000000000  02000004
70000000000000000011550004665810115004DOC5129                  0046658100000070510000001   00000000000000 0106050719DOC5129                       050719000000022500008501155010807190000100000000000000000000000000000000000000000000000000000000000000000000000000000000000000000000000000000000000000000000000000000022500000000000000000          000000000000000000000000000000000000000000000000  02000005
70000000000000000011550004665810115004DOC5128                  0046658100000070410000001   00000000000000 0106050719DOC5128                       050719000000015000008501155010807190000100000000000000000000000000000000000000000000000000000000000000000000000000000000000000000000000000000000000000000000000000000015000000000000000000          000000000000000000000000000000000000000000000000  02000006
70000000000000000011550004665810115004DOC5119                  0046658100000069510000001   00000000000000 0106050719DOC5119                       050719000000004400008501155010807190000100000000000000000000000000000000000000000000000000000000000000000000000000000000000000000000000000000000000000000000000000000004400000000000000000          000000000000000000000000000000000000000000000000  02000007
70000000000000000011550004665810115004DOC5186                  0046658100000076210000001   00000000000000 0106050719DOC5186                       050719000000002200008501155010807190000100000000000000000000000000000000000000000000000000000000000000000000000000000000000000000000000000000000000000000000000000000002200000000000000000          000000000000000000000000000000000000000000000000  02000008
70000000000000000011550004665810115004DOC5066                  0046658100000064210000001   00000000000000 0106050719DOC5066                       050719000000047912475617710010807190000184000000000000000000000000000000000000000000000000000000000000000000000000000000000000000000000000000000000000000000000000000047912400000000000000          000000000000000000000000000000000000000000000000  08000009
70000000000000000011550004665810115004DOC5068                  0046658100000064410000001   00000000000000 0106050719DOC5068                       050719000000003156375617710010807190000184000000000000000000000000000000000000000000000000000000000000000000000000000000000000000000000000000000000000000000000000000003156300000000000000          000000000000000000000000000000000000000000000000  08000010
70000000000000000011550004665810115004DOC5127                  0046658100000070310000001   00000000000000 0106050719DOC5127                       050719000000013200075617710010807190000184000000000000000000000000000000000000000000000000000000000000000000000000000000000000000000000000000000000000000000000000000013200000000000000000          000000000000000000000000000000000000000000000000  08000011
70000000000000000011550004665810115004DOC5135                  0046658100000071110000001   00000000000000 0106050719DOC5135                       050719000000004950075673431010807190000184000000000000000000000000000000000000000000000000000000000000000000000000000000000000000000000000000000000000000000000000000004950000000000000000          000000000000000000000000000000000000000000000000  08000012
70000000000000000011550004665810115004DOC5111                  0046658100000068710000001   00000000000000 0106050719DOC5111                       050719000000002873875630341010807190000184000000000000000000000000000000000000000000000000000000000000000000000000000000000000000000000000000000000000000000000000000002873800000000000000          000000000000000000000000000000000000000000000000  02000013
70000000000000000011550004665810115004DOC5076                  0046658100000065210000001   00000000000000 0106050719DOC5076                       050719000000005500075630341010807190000184000000000000000000000000000000000000000000000000000000000000000000000000000000000000000000000000000000000000000000000000000005500000000000000000          000000000000000000000000000000000000000000000000  02000014
70000000000000000011550004665810115004DOC5094                  0046658100000067010000001   00000000000000 0106050719DOC5094                       050719000000004023375630694010807190000184000000000000000000000000000000000000000000000000000000000000000000000000000000000000000000000000000000000000000000000000000004023300000000000000          000000000000000000000000000000000000000000000000  02000015
70000000000000000011550004665810115004DOC5122                  0046658100000069810000001   00000000000000 0106050719DOC5122                       050719000000011000023772389010807190000184000000000000000000000000000000000000000000000000000000000000000000000000000000000000000000000000000000000000000000000000000011000000000000000000          000000000000000000000000000000000000000000000000  02000016
70000000000000000011550004665810115004DOC4996                  0046658100000059510000001   00000000000000 0106050719DOC4996                       040719000000005500075630848010807190000184000000000000000000000000000000000000000000000000000000000000000000000000000000000000000112700000000000000000000000000000000005612700000000000000          000000000000000000000000000000000000000000000000  02000017
70000000000000000011550004665810115004DOC5144                  0046658100000072010000001   00000000000000 0106050719DOC5144                       050719000000014300075630341010807190000184000000000000000000000000000000000000000000000000000000000000000000000000000000000000000000000000000000000000000000000000000014300000000000000000          000000000000000000000000000000000000000000000000  02000018
70000000000000000011550004665810115004DOC5182                  0046658100000075810000001   00000000000000 0106050719DOC5182                       100719000000005000013612068010807190000184000000000000000000000000000000000000000000000000000000000000000000000000000000000000000000000000000000000000000000000000000005000000000000000000          000000000000000000000000000000000000000000000000  08000019
70000000000000000011550004665810115004DOC5160                  0046658100000073610000001   00000000000000 0106050719DOC5160                       100719000000002750013612068010807190000184000000000000000000000000000000000000000000000000000000000000000000000000000000000000000000000000000000000000000000000000000002750000000000000000          000000000000000000000000000000000000000000000000  08000020
70000000000000000011550004665810115004DOC5083                  0046658100000065910000001   00000000000000 0106050719DOC5083                       100719000000001724375603530010807190000184000000000000000000000000000000000000000000000000000000000000000000000000000000000000000000000000000000000000000000000000000001724300000000000000          000000000000000000000000000000000000000000000000  08000021
70000000000000000011550004665810115004DOC5133                  0046658100000070910000001   00000000000000 0106050719DOC5133                       050719000000008000075630341010807190000184000000000000000000000000000000000000000000000000000000000000000000000000000000000000000000000000000000000000000000000000000008000000000000000000          000000000000000000000000000000000000000000000000  02000022
70000000000000000011550004665810115004DOC5048                  0046658100000062410000001   00000000000000 0106050719DOC5048                       050719000000003448575630341010807190000184000000000000000000000000000000000000000000000000000000000000000000000000000000000000000000000000000000000000000000000000000003448500000000000000          000000000000000000000000000000000000000000000000  02000023
70000000000000000011550004665810115004DOC5167                  0046658100000074310000001   00000000000000 0106050719DOC5167                       050719000000002200034184832010807190000184000000000000000000000000000000000000000000000000000000000000000000000000000000000000000000000000000000000000000000000000000002200000000000000000          000000000000000000000000000000000000000000000000  02000024
70000000000000000011550004665810115004DOC5061                  0046658100000063710000001   00000000000000 0106050719DOC5061                       050719000000035281034184832010807190000184000000000000000000000000000000000000000000000000000000000000000000000000000000000000000000000000000000000000000000000000000035281000000000000000          000000000000000000000000000000000000000000000000  09000025
70000000000000000011550004665810115004DOC5053                  0046658100000062910000001   00000000000000 0106050719DOC5053                       050719000000015150034108044010807190000184000000000000000000000000000000000000000000000000000000000000000000000000000000000000000000000000000000000000000000000000000015150000000000000000          000000000000000000000000000000000000000000000000  09000026
70000000000000000011550004665810115004DOC5085                  0046658100000066110000001   00000000000000 0106050719DOC5085                       050719000000006862534184832010807190000184000000000000000000000000000000000000000000000000000000000000000000000000000000000000000000000000000000000000000000000000000006862500000000000000          000000000000000000000000000000000000000000000000  09000027
70000000000000000011550004665810115004DOC5107                  0046658100000068310000001   00000000000000 0106050719DOC5107                       050719000000005211775630341010807190000184000000000000000000000000000000000000000000000000000000000000000000000000000000000000000000000000000000000000000000000000000005211700000000000000          000000000000000000000000000000000000000000000000  02000028
70000000000000000011550004665810115004DOC5192                  0046658100000076810000001   00000000000000 0106050719DOC5192                       050719000000001500075630341010807190000184000000000000000000000000000000000000000000000000000000000000000000000000000000000000000000000000000000000000000000000000000001500000000000000000          000000000000000000000000000000000000000000000000  02000029
70000000000000000011550004665810115004DOC5152                  0046658100000072810000001   00000000000000 0106050719DOC5152                       050719000000003300075630341010807190000184000000000000000000000000000000000000000000000000000000000000000000000000000000000000000000000000000000000000000000000000000003300000000000000000          000000000000000000000000000000000000000000000000  02000030
70000000000000000011550004665810115004DOC5191                  0046658100000076710000001   00000000000000 0106050719DOC5191                       050719000000006500075630341010807190000184000000000000000000000000000000000000000000000000000000000000000000000000000000000000000000000000000000000000000000000000000006500000000000000000          000000000000000000000000000000000000000000000000  02000031
70000000000000000011550004665810115004DOC5166                  0046658100000074210000001   00000000000000 0106050719DOC5166                       050719000000002750023703670010807190000184000000000000000000000000000000000000000000000000000000000000000000000000000000000000000000000000000000000000000000000000000002750000000000000000          000000000000000000000000000000000000000000000000  02000032
70000000000000000011550004665810115004DOC5153                  0046658100000072910000001   00000000000000 0106050719DOC5153                       050719000000002750003330597010807190000184000000000000000000000000000000000000000000000000000000000000000000000000000000000000000000000000000000000000000000000000000002750000000000000000          000000000000000000000000000000000000000000000000  02000033
70000000000000000011550004665810115004DOC5056                  0046658100000063210000001   00000000000000 0106050719DOC5056                       050719000000005775008510693010807190000184000000000000000000000000000000000000000000000000000000000000000000000000000000000000000000000000000000000000000000000000000005775000000000000000          000000000000000000000000000000000000000000000000  08000034
70000000000000000011550004665810115004DOC5131                  0046658100000070710000001   00000000000000 0106050719DOC5131                       050719000000005775008511649010807190000184000000000000000000000000000000000000000000000000000000000000000000000000000000000000000000000000000000000000000000000000000005775000000000000000          000000000000000000000000000000000000000000000000  08000035
70000000000000000011550004665810115004DOC5109                  0046658100000068510000001   00000000000000 0106050719DOC5109                       050719000000005172800125453010807190000184000000000000000000000000000000000000000000000000000000000000000000000000000000000000000000000000000000000000000000000000000005172800000000000000          000000000000000000000000000000000000000000000000  08000036
70000000000000000011550004665810115004DOC5130                  0046658100000070610000001   00000000000000 0106050719DOC5130                       050719000000007500010411029010807190000184000000000000000000000000000000000000000000000000000000000000000000000000000000000000000000000000000000000000000000000000000007500000000000000000          000000000000000000000000000000000000000000000000  07000037
70000000000000000011550004665810115004DOC5164                  0046658100000074010000001   00000000000000 0106050719DOC5164                       050719000000005247008501066010807190000100000000000000000000000000000000000000000000000000000000000000000000000000000000000000000000000000000000000000000000000000000005247000000000000000          000000000000000000000000000000000000000000000000  02000038
70000000000000000011550004665810115004DOC5143                  0046658100000071910000001   00000000000000 0106050719DOC5143                       050719000000004180008501015010807190000100000000000000000000000000000000000000000000000000000000000000000000000000000000000000000000000000000000000000000000000000000004180000000000000000          000000000000000000000000000000000000000000000000  02000039
70000000000000000011550004665810115004DOC5196                  0046658100000077210000001   00000000000000 0106050719DOC5196                       050719000000006000000102763010807190000184000000000000000000000000000000000000000000000000000000000000000000000000000000000000000000000000000000000000000000000000000006000000000000000000          000000000000000000000000000000000000000000000000  02000040
70000000000000000011550004665810115004DOC5168                  0046658100000074410000001   00000000000000 0106050719DOC5168                       050719000000005247000124953010807190000184000000000000000000000000000000000000000000000000000000000000000000000000000000000000000000000000000000000000000000000000000005247000000000000000          000000000000000000000000000000000000000000000000  02000041
70000000000000000011550004665810115004DOC5142                  0046658100000071810000001   00000000000000 0106050719DOC5142                       050719000000003300000124953010807190000184000000000000000000000000000000000000000000000000000000000000000000000000000000000000000000000000000000000000000000000000000003300000000000000000          000000000000000000000000000000000000000000000000  02000042
70000000000000000011550004665810115004DOC5138                  0046658100000071410000001   00000000000000 0106050719DOC5138                       050719000000004290000129823010807190000184000000000000000000000000000000000000000000000000000000000000000000000000000000000000000000000000000000000000000000000000000004290000000000000000          000000000000000000000000000000000000000000000000  02000043
70000000000000000011550004665810115004DOC5139                  0046658100000071510000001   00000000000000 0106050719DOC5139                       050719000000005247000153570010807190000184000000000000000000000000000000000000000000000000000000000000000000000000000000000000000000000000000000000000000000000000000005247000000000000000          000000000000000000000000000000000000000000000000  02000044
70000000000000000011550004665810115004DOC5095                  0046658100000067110000001   00000000000000 0106050719DOC5095                       050719000000012644500102763010807190000184000000000000000000000000000000000000000000000000000000000000000000000000000000000000000000000000000000000000000000000000000012644500000000000000          000000000000000000000000000000000000000000000000  02000045
70000000000000000011550004665810115004DOC5136                  0046658100000071210000001   00000000000000 0106050719DOC5136                       050719000000007719900124953010807190000184000000000000000000000000000000000000000000000000000000000000000000000000000000000000000000000000000000000000000000000000000007719900000000000000          000000000000000000000000000000000000000000000000  02000046
70000000000000000011550004665810115004DOC5099                  0046658100000067510000001   00000000000000 0106050719DOC5099                       050719000000003448510404235010807190000184000000000000000000000000000000000000000000000000000000000000000000000000000000000000000000000000000000000000000000000000000003448500000000000000          000000000000000000000000000000000000000000000000  02000047
70000000000000000011550004665810115004DOC5174                  0046658100000075010000001   00000000000000 0106050719DOC5174                       050719000000003500010404235010807190000184000000000000000000000000000000000000000000000000000000000000000000000000000000000000000000000000000000000000000000000000000003500000000000000000          000000000000000000000000000000000000000000000000  02000048
70000000000000000011550004665810115004DOC5050                  0046658100000062610000001   00000000000000 0106050719DOC5050                       050719000000005555010404235010807190000184000000000000000000000000000000000000000000000000000000000000000000000000000000000000000000000000000000000000000000000000000005555000000000000000          000000000000000000000000000000000000000000000000  02000049
70000000000000000011550004665810115004DOC5067                  0046658100000064310000001   00000000000000 0106050719DOC5067                       050719000000011109910404235010807190000184000000000000000000000000000000000000000000000000000000000000000000000000000000000000000000000000000000000000000000000000000011109900000000000000          000000000000000000000000000000000000000000000000  02000050
70000000000000000011550004665810115004DOC5123                  0046658100000069910000001   00000000000000 0106050719DOC5123                       050719000000004400023725500010807190000184000000000000000000000000000000000000000000000000000000000000000000000000000000000000000000000000000000000000000000000000000004400000000000000000          000000000000000000000000000000000000000000000000  02000051
70000000000000000011550004665810115004NFSE4638                 0046658100000025810000090   00000000000000 0109050719NFSE4638                      060519000000001149508501155010000000000100000000000000000000000000000000000000000000000000000000000000000000000000000000000000000000000000000000000000000000000000000000000000000000000000          000000000000000000000000000000000000000000000000  00000052
9201001          000001480000001865429100000000          000000000000000000000000000000          000000000000000000000000000000          000000000000000000000000000000                                                  000000000000000000000000000000                                                                                                                                                   000053
