02RETORNO01COBRANCA       01155000466581000000PLANNER CONTABILIDADE E AUDITO085COOPERATIVA DE 0908190000087                                          0115004                                                                                                                                                                                                                                              000001
70000000000000000011550004665810115004DOC5359                  0046658100000093210000001   00000000000000 0106080819DOC5359                       090819000000000800008501155010908190000100000000000000000000000000000000000000000000000000000000000000000000000000000000000000000000000000000000000000000000000000000000800000000000000000          000000000000000000000000000000000000000000000000  02000002
70000000000000000011550004665810115004DOC5199                  0046658100000077510000001   00000000000000 0106080819DOC5199                       090819000000000800008501155010908190000100000000000000000000000000000000000000000000000000000000000000000000000000000000000000000000000000000000000000000000000000000000800000000000000000          000000000000000000000000000000000000000000000000  02000003
70000000000000000011550004665810115004DOC5358                  0046658100000093110000001   00000000000000 0106080819DOC5358                       090819000000008000008501155010908190000100000000000000000000000000000000000000000000000000000000000000000000000000000000000000000000000000000000000000000000000000000008000000000000000000          000000000000000000000000000000000000000000000000  02000004
70000000000000000011550004665810115004DOC5220                  0046658100000079310000001   00000000000000 0106080819DOC5220                       080819000000015943575630341010908190000184000000000000000000000000000000000000000000000000000000000000000000000000000000000000000000000000000000000000000000000000000015943500000000000000          000000000000000000000000000000000000000000000000  02000005
70000000000000000011550004665810115004DOC5051                  0046658100000062710000001   00000000000000 0106080819DOC5051                       080819000000016488223772699010908190000184000000000000000000000000000000000000000000000000000000000000000000000000000000000000000000000000000000000000000000000000000016488200000000000000          000000000000000000000000000000000000000000000000  02000006
70000000000000000011550004665810115004DOC5330                  0046658100000090310000001   00000000000000 0106080819DOC5330                       100819000000001320010404235010908190000184000000000000000000000000000000000000000000000000000000000000000000000000000000000000000000000000000000000000000000000000000001320000000000000000          000000000000000000000000000000000000000000000000  07000007
70000000000000000011550004665810115004DOC5322                  0046658100000089510000001   00000000000000 0106080819DOC5322                       100819000000001320010404235010908190000184000000000000000000000000000000000000000000000000000000000000000000000000000000000000000000000000000000000000000000000000000001320000000000000000          000000000000000000000000000000000000000000000000  07000008
70000000000000000011550004665810115004DOC5240                  0046658100000081310000001   00000000000000 0106080819DOC5240                       100819000000002000010404235010908190000184000000000000000000000000000000000000000000000000000000000000000000000000000000000000000000000000000000000000000000000000000002000000000000000000          000000000000000000000000000000000000000000000000  07000009
70000000000000000011550004665810115004DOC5291                  0046658100000086410000000   00000000000000 0114080819DOC5291                       120819000000005775008501155010000000000100000000000000000000000000000000000000000000000000000000000000000000000000000000000000000000000000000000000000000000000000000000000000000000000000          000000000000000000000000000000000000000000000000  00000010
70000000000000000011550004665810115004DOC5358                  0046658100000093110000000   00000000000000 0114080819DOC5358                       090819000000008000008501155010000000000100000000000000000000000000000000000000000000000000000000000000000000000000000000000000000000000000000000000000000000000000000000000000000000000000          000000000000000000000000000000000000000000000000  00000011
70000000000000000011550004665810115004DOC5194                  0046658100000077010000000   00000000000000 0114080819DOC5194                       090819000000002000008501155010000000000100000000000000000000000000000000000000000000000000000000000000000000000000000000000000000000000000000000000000000000000000000000000000000000000000          000000000000000000000000000000000000000000000000  00000012
9201001          000001180000000898006200000000          000000000000000000000000000000          000000000000000000000000000000          000000000000000000000000000000                                                  000000000000000000000000000000                                                                                                                                                   000013
