02RETORNO01COBRANCA       01155000490849000000PLANNER SOLUCOES EMPRESARIAIS 085COOPERATIVA DE 2905190000034                                          0115004                                                                                                                                                                                                                                              000001
70000000000000000011550004908490115004NFSE1774                 0049084900000007810000001   00000000000000 0106280519NFSE1774                      280519000000025000034184832012905190000184000000000000000000000000000000000000000000000000000000000000000000000000000000000000000000000000000000000000000000000000000025000000000000000000          000000000000000000000000000000000000000000000000  02000002
9201001          000000100000000178777000000000          000000000000000000000000000000          000000000000000000000000000000          000000000000000000000000000000                                                  000000000000000000000000000000                                                                                                                                                   000003
