02RETORNO01COBRANCA       01155000490318000000PLANNER INTELIGENCIA CONTABIL 085COOPERATIVA DE 1408190000070                                          0115004                                                                                                                                                                                                                                              000001
70000000000000000011550004903180115004DOC556                   0049031800000022810000001   00000000000000 0106130819DOC556                        130819000000002750075630341011408190000184000000000000000000000000000000000000000000000000000000000000000000000000000000000000000000000000000000000000000000000000000002750000000000000000          000000000000000000000000000000000000000000000000  02000002
70000000000000000011550004903180115004DOC571                   0049031800000024310000001   00000000000000 0106130819DOC571                        120819000000003850008501015011408190000100000000000000000000000000000000000000000000000000000000000000000000000000000000000000000078900000000000000000000000000000000003928900000000000000          000000000000000000000000000000000000000000000000  02000003
70000000000000000011550004903180115004DOC542                   0049031800000021410000001   00000000000000 0106130819DOC542                        150819000000003300008501015011408190000100000000000000000000000000000000000000000000000000000000000000000000000000000000000000000000000000000000000000000000000000000003300000000000000000          000000000000000000000000000000000000000000000000  02000004
70000000000000000011550004903180115004DOC556                   0049031800000022810000000   00000000000000 0114130819DOC556                        130819000000002750008501155010000000000100000000000000000000000000000000000000000000000000000000000000000000000000000000000000000000000000000000000000000000000000000000000000000000000000          000000000000000000000000000000000000000000000000  00000005
9201001          000000280000000160631700000000          000000000000000000000000000000          000000000000000000000000000000          000000000000000000000000000000                                                  000000000000000000000000000000                                                                                                                                                   000006
