02RETORNO01COBRANCA       01155000490849000000PLANNER SOLUCOES EMPRESARIAIS 085COOPERATIVA DE 2006190000047                                          0115004                                                                                                                                                                                                                                              000001
70000000000000000011550004908490115004NFSE1806                 0049084900000011910000000   00000000000000 0110190619NFSE1806                      150619000000057386208501155010000000000100000000000000000000000000000000000000000000000000000000000002806180000000000000000000000000000000000000000000000000000000000000000000000000000000          000000000000000000000000000000000000000000000000  00000002
9201001          000000150000000215790400000000          000000000000000000000000000000          000000000000000000000000000000          000000000000000000000000000000                                                  000000000000000000000000000000                                                                                                                                                   000003
