02RETORNO01COBRANCA       01155000466581000000PLANNER CONTABILIDADE E AUDITO085COOPERATIVA DE 2906190000060                                          0115004                                                                                                                                                                                                                                              000001
70000000000000000011550004665810115004DOC5041                  0046658100000061710000000   00000000000000 0102280619DOC5041                       100719000000011406008501155010000000000000000000000000000000000000000000000000000000000000000000000000000000000000000000000000000000000000000000000000000000000000000000000000000000000000          000000000000000000000000000000000000000000000000  00000002
70000000000000000011550004665810115004DOC5042                  0046658100000061810000000   00000000000000 0102280619DOC5042                       050719000000002200008501155010000000000000000000000000000000000000000000000000000000000000000000000000000000000000000000000000000000000000000000000000000000000000000000000000000000000000          000000000000000000000000000000000000000000000000  00000003
70000000000000000011550004665810115004DOC5043                  0046658100000061910000050   00000000000000 0102280619DOC5043                       050719000000012866608501155010000000000000000000000000000000000000000000000000000000000000000000000000000000000000000000000000000000000000000000000000000000000000000000000000000000000000          000000000000000000000000000000000000000000000000  00000004
70000000000000000011550004665810115004DOC5044                  0046658100000062010000000   00000000000000 0102280619DOC5044                       050719000000005315808501155010000000000000000000000000000000000000000000000000000000000000000000000000000000000000000000000000000000000000000000000000000000000000000000000000000000000000          000000000000000000000000000000000000000000000000  00000005
70000000000000000011550004665810115004DOC5045                  0046658100000062110000000   00000000000000 0102280619DOC5045                       050719000000005315808501155010000000000000000000000000000000000000000000000000000000000000000000000000000000000000000000000000000000000000000000000000000000000000000000000000000000000000          000000000000000000000000000000000000000000000000  00000006
70000000000000000011550004665810115004DOC5046                  0046658100000062210000050   00000000000000 0102280619DOC5046                       100719000000038274908501155010000000000000000000000000000000000000000000000000000000000000000000000000000000000000000000000000000000000000000000000000000000000000000000000000000000000000          000000000000000000000000000000000000000000000000  00000007
70000000000000000011550004665810115004DOC5047                  0046658100000062310000000   00000000000000 0102280619DOC5047                       100719000000006312508501155010000000000000000000000000000000000000000000000000000000000000000000000000000000000000000000000000000000000000000000000000000000000000000000000000000000000000          000000000000000000000000000000000000000000000000  00000008
70000000000000000011550004665810115004DOC5048                  0046658100000062410000000   00000000000000 0102280619DOC5048                       050719000000003448508501155010000000000000000000000000000000000000000000000000000000000000000000000000000000000000000000000000000000000000000000000000000000000000000000000000000000000000          000000000000000000000000000000000000000000000000  00000009
70000000000000000011550004665810115004DOC5049                  0046658100000062510000000   00000000000000 0102280619DOC5049                       100719000000001893808501155010000000000000000000000000000000000000000000000000000000000000000000000000000000000000000000000000000000000000000000000000000000000000000000000000000000000000          000000000000000000000000000000000000000000000000  00000010
70000000000000000011550004665810115004DOC5050                  0046658100000062610000050   00000000000000 0102280619DOC5050                       050719000000005555008501155010000000000000000000000000000000000000000000000000000000000000000000000000000000000000000000000000000000000000000000000000000000000000000000000000000000000000          000000000000000000000000000000000000000000000000  00000011
70000000000000000011550004665810115004DOC5051                  0046658100000062710000050   00000000000000 0102280619DOC5051                       100719000000016488208501155010000000000000000000000000000000000000000000000000000000000000000000000000000000000000000000000000000000000000000000000000000000000000000000000000000000000000          000000000000000000000000000000000000000000000000  00000012
70000000000000000011550004665810115004DOC5052                  0046658100000062810000050   00000000000000 0102280619DOC5052                       100719000000016478008501155010000000000000000000000000000000000000000000000000000000000000000000000000000000000000000000000000000000000000000000000000000000000000000000000000000000000000          000000000000000000000000000000000000000000000000  00000013
70000000000000000011550004665810115004DOC5053                  0046658100000062910000050   00000000000000 0102280619DOC5053                       050719000000015150008501155010000000000000000000000000000000000000000000000000000000000000000000000000000000000000000000000000000000000000000000000000000000000000000000000000000000000000          000000000000000000000000000000000000000000000000  00000014
70000000000000000011550004665810115004DOC5054                  0046658100000063010000000   00000000000000 0102280619DOC5054                       050719000000005065208501155010000000000000000000000000000000000000000000000000000000000000000000000000000000000000000000000000000000000000000000000000000000000000000000000000000000000000          000000000000000000000000000000000000000000000000  00000015
70000000000000000011550004665810115004DOC5055                  0046658100000063110000000   00000000000000 0102280619DOC5055                       100719000000003669208501155010000000000000000000000000000000000000000000000000000000000000000000000000000000000000000000000000000000000000000000000000000000000000000000000000000000000000          000000000000000000000000000000000000000000000000  00000016
70000000000000000011550004665810115004DOC5056                  0046658100000063210000050   00000000000000 0102280619DOC5056                       050719000000005775008501155010000000000000000000000000000000000000000000000000000000000000000000000000000000000000000000000000000000000000000000000000000000000000000000000000000000000000          000000000000000000000000000000000000000000000000  00000017
70000000000000000011550004665810115004DOC5057                  0046658100000063310000000   00000000000000 0102280619DOC5057                       050719000000005775008501155010000000000000000000000000000000000000000000000000000000000000000000000000000000000000000000000000000000000000000000000000000000000000000000000000000000000000          000000000000000000000000000000000000000000000000  00000018
70000000000000000011550004665810115004DOC5058                  0046658100000063410000000   00000000000000 0102280619DOC5058                       150719000000016412408501155010000000000000000000000000000000000000000000000000000000000000000000000000000000000000000000000000000000000000000000000000000000000000000000000000000000000000          000000000000000000000000000000000000000000000000  00000019
70000000000000000011550004665810115004DOC5059                  0046658100000063510000000   00000000000000 0102280619DOC5059                       080719000000010943508501155010000000000000000000000000000000000000000000000000000000000000000000000000000000000000000000000000000000000000000000000000000000000000000000000000000000000000          000000000000000000000000000000000000000000000000  00000020
70000000000000000011550004665810115004DOC5060                  0046658100000063610000050   00000000000000 0102280619DOC5060                       100719000000011109908501155010000000000000000000000000000000000000000000000000000000000000000000000000000000000000000000000000000000000000000000000000000000000000000000000000000000000000          000000000000000000000000000000000000000000000000  00000021
70000000000000000011550004665810115004DOC5061                  0046658100000063710000050   00000000000000 0102280619DOC5061                       050719000000035281008501155010000000000000000000000000000000000000000000000000000000000000000000000000000000000000000000000000000000000000000000000000000000000000000000000000000000000000          000000000000000000000000000000000000000000000000  00000022
70000000000000000011550004665810115004DOC5062                  0046658100000063810000000   00000000000000 0102280619DOC5062                       150719000000004180008501155010000000000000000000000000000000000000000000000000000000000000000000000000000000000000000000000000000000000000000000000000000000000000000000000000000000000000          000000000000000000000000000000000000000000000000  00000023
70000000000000000011550004665810115004DOC5063                  0046658100000063910000000   00000000000000 0102280619DOC5063                       050719000000015374908501155010000000000000000000000000000000000000000000000000000000000000000000000000000000000000000000000000000000000000000000000000000000000000000000000000000000000000          000000000000000000000000000000000000000000000000  00000024
70000000000000000011550004665810115004DOC5064                  0046658100000064010000050   00000000000000 0102280619DOC5064                       200719000000010731308501155010000000000000000000000000000000000000000000000000000000000000000000000000000000000000000000000000000000000000000000000000000000000000000000000000000000000000          000000000000000000000000000000000000000000000000  00000025
70000000000000000011550004665810115004DOC5065                  0046658100000064110000050   00000000000000 0102280619DOC5065                       150719000000006822908501155010000000000000000000000000000000000000000000000000000000000000000000000000000000000000000000000000000000000000000000000000000000000000000000000000000000000000          000000000000000000000000000000000000000000000000  00000026
70000000000000000011550004665810115004DOC5066                  0046658100000064210000000   00000000000000 0102280619DOC5066                       050719000000047912408501155010000000000000000000000000000000000000000000000000000000000000000000000000000000000000000000000000000000000000000000000000000000000000000000000000000000000000          000000000000000000000000000000000000000000000000  00000027
70000000000000000011550004665810115004DOC5067                  0046658100000064310000000   00000000000000 0102280619DOC5067                       050719000000011109908501155010000000000000000000000000000000000000000000000000000000000000000000000000000000000000000000000000000000000000000000000000000000000000000000000000000000000000          000000000000000000000000000000000000000000000000  00000028
70000000000000000011550004665810115004DOC5068                  0046658100000064410000000   00000000000000 0102280619DOC5068                       050719000000003156308501155010000000000000000000000000000000000000000000000000000000000000000000000000000000000000000000000000000000000000000000000000000000000000000000000000000000000000          000000000000000000000000000000000000000000000000  00000029
70000000000000000011550004665810115004DOC5069                  0046658100000064510000000   00000000000000 0102280619DOC5069                       200719000000005747508501155010000000000000000000000000000000000000000000000000000000000000000000000000000000000000000000000000000000000000000000000000000000000000000000000000000000000000          000000000000000000000000000000000000000000000000  00000030
70000000000000000011550004665810115004DOC5070                  0046658100000064610000050   00000000000000 0102280619DOC5070                       120719000000021300008501155010000000000000000000000000000000000000000000000000000000000000000000000000000000000000000000000000000000000000000000000000000000000000000000000000000000000000          000000000000000000000000000000000000000000000000  00000031
70000000000000000011550004665810115004DOC5071                  0046658100000064710000000   00000000000000 0102280619DOC5071                       120719000000006897008501155010000000000000000000000000000000000000000000000000000000000000000000000000000000000000000000000000000000000000000000000000000000000000000000000000000000000000          000000000000000000000000000000000000000000000000  00000032
70000000000000000011550004665810115004DOC5072                  0046658100000064810000000   00000000000000 0102280619DOC5072                       100719000000011109908501155010000000000000000000000000000000000000000000000000000000000000000000000000000000000000000000000000000000000000000000000000000000000000000000000000000000000000          000000000000000000000000000000000000000000000000  00000033
70000000000000000011550004665810115004DOC5073                  0046658100000064910000000   00000000000000 0102280619DOC5073                       100719000000036342908501155010000000000000000000000000000000000000000000000000000000000000000000000000000000000000000000000000000000000000000000000000000000000000000000000000000000000000          000000000000000000000000000000000000000000000000  00000034
70000000000000000011550004665810115004DOC5074                  0046658100000065010000000   00000000000000 0102280619DOC5074                       100719000000002124308501155010000000000000000000000000000000000000000000000000000000000000000000000000000000000000000000000000000000000000000000000000000000000000000000000000000000000000          000000000000000000000000000000000000000000000000  00000035
70000000000000000011550004665810115004DOC5075                  0046658100000065110000050   00000000000000 0102280619DOC5075                       100719000000005486008501155010000000000000000000000000000000000000000000000000000000000000000000000000000000000000000000000000000000000000000000000000000000000000000000000000000000000000          000000000000000000000000000000000000000000000000  00000036
70000000000000000011550004665810115004DOC5076                  0046658100000065210000050   00000000000000 0102280619DOC5076                       050719000000005500008501155010000000000000000000000000000000000000000000000000000000000000000000000000000000000000000000000000000000000000000000000000000000000000000000000000000000000000          000000000000000000000000000000000000000000000000  00000037
70000000000000000011550004665810115004DOC5077                  0046658100000065310000000   00000000000000 0102280619DOC5077                       150719000000002811908501155010000000000000000000000000000000000000000000000000000000000000000000000000000000000000000000000000000000000000000000000000000000000000000000000000000000000000          000000000000000000000000000000000000000000000000  00000038
70000000000000000011550004665810115004DOC5078                  0046658100000065410000000   00000000000000 0102280619DOC5078                       100719000000003787508501155010000000000000000000000000000000000000000000000000000000000000000000000000000000000000000000000000000000000000000000000000000000000000000000000000000000000000          000000000000000000000000000000000000000000000000  00000039
70000000000000000011550004665810115004DOC5079                  0046658100000065510000000   00000000000000 0102280619DOC5079                       100719000000002000008501155010000000000000000000000000000000000000000000000000000000000000000000000000000000000000000000000000000000000000000000000000000000000000000000000000000000000000          000000000000000000000000000000000000000000000000  00000040
70000000000000000011550004665810115004DOC5080                  0046658100000065610000000   00000000000000 0102280619DOC5080                       100719000000001009908501155010000000000000000000000000000000000000000000000000000000000000000000000000000000000000000000000000000000000000000000000000000000000000000000000000000000000000          000000000000000000000000000000000000000000000000  00000041
70000000000000000011550004665810115004DOC5081                  0046658100000065710000000   00000000000000 0102280619DOC5081                       200719000000010731308501155010000000000000000000000000000000000000000000000000000000000000000000000000000000000000000000000000000000000000000000000000000000000000000000000000000000000000          000000000000000000000000000000000000000000000000  00000042
70000000000000000011550004665810115004DOC5082                  0046658100000065810000000   00000000000000 0102280619DOC5082                       200719000000001262508501155010000000000000000000000000000000000000000000000000000000000000000000000000000000000000000000000000000000000000000000000000000000000000000000000000000000000000          000000000000000000000000000000000000000000000000  00000043
70000000000000000011550004665810115004DOC5083                  0046658100000065910000000   00000000000000 0102280619DOC5083                       100719000000001724308501155010000000000000000000000000000000000000000000000000000000000000000000000000000000000000000000000000000000000000000000000000000000000000000000000000000000000000          000000000000000000000000000000000000000000000000  00000044
70000000000000000011550004665810115004DOC5084                  0046658100000066010000050   00000000000000 0102280619DOC5084                       100719000000011000008501155010000000000000000000000000000000000000000000000000000000000000000000000000000000000000000000000000000000000000000000000000000000000000000000000000000000000000          000000000000000000000000000000000000000000000000  00000045
70000000000000000011550004665810115004DOC5085                  0046658100000066110000050   00000000000000 0102280619DOC5085                       050719000000006862508501155010000000000000000000000000000000000000000000000000000000000000000000000000000000000000000000000000000000000000000000000000000000000000000000000000000000000000          000000000000000000000000000000000000000000000000  00000046
70000000000000000011550004665810115004DOC5086                  0046658100000066210000050   00000000000000 0102280619DOC5086                       050719000000031129908501155010000000000000000000000000000000000000000000000000000000000000000000000000000000000000000000000000000000000000000000000000000000000000000000000000000000000000          000000000000000000000000000000000000000000000000  00000047
70000000000000000011550004665810115004DOC5087                  0046658100000066310000000   00000000000000 0102280619DOC5087                       050719000000002873808501155010000000000000000000000000000000000000000000000000000000000000000000000000000000000000000000000000000000000000000000000000000000000000000000000000000000000000          000000000000000000000000000000000000000000000000  00000048
70000000000000000011550004665810115004DOC5088                  0046658100000066410000000   00000000000000 0102280619DOC5088                       050719000000007568008501155010000000000000000000000000000000000000000000000000000000000000000000000000000000000000000000000000000000000000000000000000000000000000000000000000000000000000          000000000000000000000000000000000000000000000000  00000049
70000000000000000011550004665810115004DOC5089                  0046658100000066510000000   00000000000000 0102280619DOC5089                       150719000000002777508501155010000000000000000000000000000000000000000000000000000000000000000000000000000000000000000000000000000000000000000000000000000000000000000000000000000000000000          000000000000000000000000000000000000000000000000  00000050
70000000000000000011550004665810115004DOC5090                  0046658100000066610000000   00000000000000 0102280619DOC5090                       150719000000002777508501155010000000000000000000000000000000000000000000000000000000000000000000000000000000000000000000000000000000000000000000000000000000000000000000000000000000000000          000000000000000000000000000000000000000000000000  00000051
70000000000000000011550004665810115004DOC5091                  0046658100000066710000050   00000000000000 0102280619DOC5091                       050719000000011322508501155010000000000000000000000000000000000000000000000000000000000000000000000000000000000000000000000000000000000000000000000000000000000000000000000000000000000000          000000000000000000000000000000000000000000000000  00000052
70000000000000000011550004665810115004DOC5092                  0046658100000066810000050   00000000000000 0102280619DOC5092                       100719000000010494008501155010000000000000000000000000000000000000000000000000000000000000000000000000000000000000000000000000000000000000000000000000000000000000000000000000000000000000          000000000000000000000000000000000000000000000000  00000053
70000000000000000011550004665810115004DOC5093                  0046658100000066910000050   00000000000000 0102280619DOC5093                       100719000000005057808501155010000000000000000000000000000000000000000000000000000000000000000000000000000000000000000000000000000000000000000000000000000000000000000000000000000000000000          000000000000000000000000000000000000000000000000  00000054
70000000000000000011550004665810115004DOC5094                  0046658100000067010000050   00000000000000 0102280619DOC5094                       050719000000004023308501155010000000000000000000000000000000000000000000000000000000000000000000000000000000000000000000000000000000000000000000000000000000000000000000000000000000000000          000000000000000000000000000000000000000000000000  00000055
70000000000000000011550004665810115004DOC5095                  0046658100000067110000050   00000000000000 0102280619DOC5095                       050719000000012644508501155010000000000000000000000000000000000000000000000000000000000000000000000000000000000000000000000000000000000000000000000000000000000000000000000000000000000000          000000000000000000000000000000000000000000000000  00000056
70000000000000000011550004665810115004DOC5096                  0046658100000067210000050   00000000000000 0102280619DOC5096                       050719000000004686008501155010000000000000000000000000000000000000000000000000000000000000000000000000000000000000000000000000000000000000000000000000000000000000000000000000000000000000          000000000000000000000000000000000000000000000000  00000057
70000000000000000011550004665810115004DOC5097                  0046658100000067310000000   00000000000000 0102280619DOC5097                       100719000000010609908501155010000000000000000000000000000000000000000000000000000000000000000000000000000000000000000000000000000000000000000000000000000000000000000000000000000000000000          000000000000000000000000000000000000000000000000  00000058
70000000000000000011550004665810115004DOC5098                  0046658100000067410000050   00000000000000 0102280619DOC5098                       050719000000010609908501155010000000000000000000000000000000000000000000000000000000000000000000000000000000000000000000000000000000000000000000000000000000000000000000000000000000000000          000000000000000000000000000000000000000000000000  00000059
70000000000000000011550004665810115004DOC5099                  0046658100000067510000000   00000000000000 0102280619DOC5099                       050719000000003448508501155010000000000000000000000000000000000000000000000000000000000000000000000000000000000000000000000000000000000000000000000000000000000000000000000000000000000000          000000000000000000000000000000000000000000000000  00000060
70000000000000000011550004665810115004DOC5100                  0046658100000067610000050   00000000000000 0102280619DOC5100                       050719000000002873808501155010000000000000000000000000000000000000000000000000000000000000000000000000000000000000000000000000000000000000000000000000000000000000000000000000000000000000          000000000000000000000000000000000000000000000000  00000061
70000000000000000011550004665810115004DOC5101                  0046658100000067710000000   00000000000000 0102280619DOC5101                       050719000000000860008501155010000000000000000000000000000000000000000000000000000000000000000000000000000000000000000000000000000000000000000000000000000000000000000000000000000000000000          000000000000000000000000000000000000000000000000  00000062
70000000000000000011550004665810115004DOC5102                  0046658100000067810000000   00000000000000 0102280619DOC5102                       150719000000002873808501155010000000000000000000000000000000000000000000000000000000000000000000000000000000000000000000000000000000000000000000000000000000000000000000000000000000000000          000000000000000000000000000000000000000000000000  00000063
70000000000000000011550004665810115004DOC5103                  0046658100000067910000000   00000000000000 0102280619DOC5103                       100719000000005385408501155010000000000000000000000000000000000000000000000000000000000000000000000000000000000000000000000000000000000000000000000000000000000000000000000000000000000000          000000000000000000000000000000000000000000000000  00000064
70000000000000000011550004665810115004DOC5104                  0046658100000068010000000   00000000000000 0102280619DOC5104                       150719000000001724308501155010000000000000000000000000000000000000000000000000000000000000000000000000000000000000000000000000000000000000000000000000000000000000000000000000000000000000          000000000000000000000000000000000000000000000000  00000065
70000000000000000011550004665810115004DOC5105                  0046658100000068110000050   00000000000000 0102280619DOC5105                       050719000000018910008501155010000000000000000000000000000000000000000000000000000000000000000000000000000000000000000000000000000000000000000000000000000000000000000000000000000000000000          000000000000000000000000000000000000000000000000  00000066
70000000000000000011550004665810115004DOC5106                  0046658100000068210000000   00000000000000 0102280619DOC5106                       050719000000002873808501155010000000000000000000000000000000000000000000000000000000000000000000000000000000000000000000000000000000000000000000000000000000000000000000000000000000000000          000000000000000000000000000000000000000000000000  00000067
70000000000000000011550004665810115004DOC5107                  0046658100000068310000000   00000000000000 0102280619DOC5107                       050719000000005211708501155010000000000000000000000000000000000000000000000000000000000000000000000000000000000000000000000000000000000000000000000000000000000000000000000000000000000000          000000000000000000000000000000000000000000000000  00000068
70000000000000000011550004665810115004DOC5108                  0046658100000068410000000   00000000000000 0102280619DOC5108                       120719000000002299008501155010000000000000000000000000000000000000000000000000000000000000000000000000000000000000000000000000000000000000000000000000000000000000000000000000000000000000          000000000000000000000000000000000000000000000000  00000069
70000000000000000011550004665810115004DOC5109                  0046658100000068510000050   00000000000000 0102280619DOC5109                       050719000000005172808501155010000000000000000000000000000000000000000000000000000000000000000000000000000000000000000000000000000000000000000000000000000000000000000000000000000000000000          000000000000000000000000000000000000000000000000  00000070
70000000000000000011550004665810115004DOC5110                  0046658100000068610000000   00000000000000 0102280619DOC5110                       050719000000009196008501155010000000000000000000000000000000000000000000000000000000000000000000000000000000000000000000000000000000000000000000000000000000000000000000000000000000000000          000000000000000000000000000000000000000000000000  00000071
70000000000000000011550004665810115004DOC5111                  0046658100000068710000000   00000000000000 0102280619DOC5111                       050719000000002873808501155010000000000000000000000000000000000000000000000000000000000000000000000000000000000000000000000000000000000000000000000000000000000000000000000000000000000000          000000000000000000000000000000000000000000000000  00000072
70000000000000000011550004665810115004DOC5112                  0046658100000068810000000   00000000000000 0102280619DOC5112                       050719000000002241408501155010000000000000000000000000000000000000000000000000000000000000000000000000000000000000000000000000000000000000000000000000000000000000000000000000000000000000          000000000000000000000000000000000000000000000000  00000073
70000000000000000011550004665810115004DOC5113                  0046658100000068910000000   00000000000000 0102280619DOC5113                       150719000000004023308501155010000000000000000000000000000000000000000000000000000000000000000000000000000000000000000000000000000000000000000000000000000000000000000000000000000000000000          000000000000000000000000000000000000000000000000  00000074
70000000000000000011550004665810115004DOC5114                  0046658100000069010000050   00000000000000 0102280619DOC5114                       050719000000001149508501155010000000000000000000000000000000000000000000000000000000000000000000000000000000000000000000000000000000000000000000000000000000000000000000000000000000000000          000000000000000000000000000000000000000000000000  00000075
70000000000000000011550004665810115004DOC5115                  0046658100000069110000000   00000000000000 0102280619DOC5115                       050719000000025641608501155010000000000000000000000000000000000000000000000000000000000000000000000000000000000000000000000000000000000000000000000000000000000000000000000000000000000000          000000000000000000000000000000000000000000000000  00000076
70000000000000000011550004665810115004DOC5116                  0046658100000069210000000   00000000000000 0102280619DOC5116                       050719000000002000008501155010000000000000000000000000000000000000000000000000000000000000000000000000000000000000000000000000000000000000000000000000000000000000000000000000000000000000          000000000000000000000000000000000000000000000000  00000077
70000000000000000011550004665810115004DOC5117                  0046658100000069310000050   00000000000000 0102280619DOC5117                       050719000000001149508501155010000000000000000000000000000000000000000000000000000000000000000000000000000000000000000000000000000000000000000000000000000000000000000000000000000000000000          000000000000000000000000000000000000000000000000  00000078
70000000000000000011550004665810115004DOC5118                  0046658100000069410000000   00000000000000 0102280619DOC5118                       150719000000001668708501155010000000000000000000000000000000000000000000000000000000000000000000000000000000000000000000000000000000000000000000000000000000000000000000000000000000000000          000000000000000000000000000000000000000000000000  00000079
70000000000000000011550004665810115004DOC5119                  0046658100000069510000000   00000000000000 0102280619DOC5119                       050719000000004400008501155010000000000000000000000000000000000000000000000000000000000000000000000000000000000000000000000000000000000000000000000000000000000000000000000000000000000000          000000000000000000000000000000000000000000000000  00000080
70000000000000000011550004665810115004DOC5120                  0046658100000069610000000   00000000000000 0102280619DOC5120                       050719000000007700008501155010000000000000000000000000000000000000000000000000000000000000000000000000000000000000000000000000000000000000000000000000000000000000000000000000000000000000          000000000000000000000000000000000000000000000000  00000081
70000000000000000011550004665810115004DOC5121                  0046658100000069710000000   00000000000000 0102280619DOC5121                       050719000000007700008501155010000000000000000000000000000000000000000000000000000000000000000000000000000000000000000000000000000000000000000000000000000000000000000000000000000000000000          000000000000000000000000000000000000000000000000  00000082
70000000000000000011550004665810115004DOC5122                  0046658100000069810000000   00000000000000 0102280619DOC5122                       050719000000011000008501155010000000000000000000000000000000000000000000000000000000000000000000000000000000000000000000000000000000000000000000000000000000000000000000000000000000000000          000000000000000000000000000000000000000000000000  00000083
70000000000000000011550004665810115004DOC5123                  0046658100000069910000000   00000000000000 0102280619DOC5123                       050719000000004400008501155010000000000000000000000000000000000000000000000000000000000000000000000000000000000000000000000000000000000000000000000000000000000000000000000000000000000000          000000000000000000000000000000000000000000000000  00000084
70000000000000000011550004665810115004DOC5124                  0046658100000070010000000   00000000000000 0102280619DOC5124                       150719000000006150008501155010000000000000000000000000000000000000000000000000000000000000000000000000000000000000000000000000000000000000000000000000000000000000000000000000000000000000          000000000000000000000000000000000000000000000000  00000085
70000000000000000011550004665810115004DOC5125                  0046658100000070110000050   00000000000000 0102280619DOC5125                       050719000000003300008501155010000000000000000000000000000000000000000000000000000000000000000000000000000000000000000000000000000000000000000000000000000000000000000000000000000000000000          000000000000000000000000000000000000000000000000  00000086
70000000000000000011550004665810115004DOC5126                  0046658100000070210000050   00000000000000 0102280619DOC5126                       120719000000001100008501155010000000000000000000000000000000000000000000000000000000000000000000000000000000000000000000000000000000000000000000000000000000000000000000000000000000000000          000000000000000000000000000000000000000000000000  00000087
70000000000000000011550004665810115004DOC5127                  0046658100000070310000000   00000000000000 0102280619DOC5127                       050719000000013200008501155010000000000000000000000000000000000000000000000000000000000000000000000000000000000000000000000000000000000000000000000000000000000000000000000000000000000000          000000000000000000000000000000000000000000000000  00000088
70000000000000000011550004665810115004DOC5128                  0046658100000070410000050   00000000000000 0102280619DOC5128                       050719000000015000008501155010000000000000000000000000000000000000000000000000000000000000000000000000000000000000000000000000000000000000000000000000000000000000000000000000000000000000          000000000000000000000000000000000000000000000000  00000089
70000000000000000011550004665810115004DOC5129                  0046658100000070510000000   00000000000000 0102280619DOC5129                       050719000000022500008501155010000000000000000000000000000000000000000000000000000000000000000000000000000000000000000000000000000000000000000000000000000000000000000000000000000000000000          000000000000000000000000000000000000000000000000  00000090
70000000000000000011550004665810115004DOC5130                  0046658100000070610000050   00000000000000 0102280619DOC5130                       050719000000007500008501155010000000000000000000000000000000000000000000000000000000000000000000000000000000000000000000000000000000000000000000000000000000000000000000000000000000000000          000000000000000000000000000000000000000000000000  00000091
70000000000000000011550004665810115004DOC5131                  0046658100000070710000000   00000000000000 0102280619DOC5131                       050719000000005775008501155010000000000000000000000000000000000000000000000000000000000000000000000000000000000000000000000000000000000000000000000000000000000000000000000000000000000000          000000000000000000000000000000000000000000000000  00000092
70000000000000000011550004665810115004DOC5132                  0046658100000070810000000   00000000000000 0102280619DOC5132                       100719000000002750008501155010000000000000000000000000000000000000000000000000000000000000000000000000000000000000000000000000000000000000000000000000000000000000000000000000000000000000          000000000000000000000000000000000000000000000000  00000093
70000000000000000011550004665810115004DOC5133                  0046658100000070910000000   00000000000000 0102280619DOC5133                       050719000000008000008501155010000000000000000000000000000000000000000000000000000000000000000000000000000000000000000000000000000000000000000000000000000000000000000000000000000000000000          000000000000000000000000000000000000000000000000  00000094
70000000000000000011550004665810115004DOC5134                  0046658100000071010000000   00000000000000 0102280619DOC5134                       100719000000001980008501155010000000000000000000000000000000000000000000000000000000000000000000000000000000000000000000000000000000000000000000000000000000000000000000000000000000000000          000000000000000000000000000000000000000000000000  00000095
70000000000000000011550004665810115004DOC5135                  0046658100000071110000000   00000000000000 0102280619DOC5135                       050719000000004950008501155010000000000000000000000000000000000000000000000000000000000000000000000000000000000000000000000000000000000000000000000000000000000000000000000000000000000000          000000000000000000000000000000000000000000000000  00000096
70000000000000000011550004665810115004DOC5136                  0046658100000071210000050   00000000000000 0102280619DOC5136                       050719000000007719908501155010000000000000000000000000000000000000000000000000000000000000000000000000000000000000000000000000000000000000000000000000000000000000000000000000000000000000          000000000000000000000000000000000000000000000000  00000097
70000000000000000011550004665810115004DOC5137                  0046658100000071310000000   00000000000000 0102280619DOC5137                       050719000000002750008501155010000000000000000000000000000000000000000000000000000000000000000000000000000000000000000000000000000000000000000000000000000000000000000000000000000000000000          000000000000000000000000000000000000000000000000  00000098
70000000000000000011550004665810115004DOC5138                  0046658100000071410000000   00000000000000 0102280619DOC5138                       050719000000004290008501155010000000000000000000000000000000000000000000000000000000000000000000000000000000000000000000000000000000000000000000000000000000000000000000000000000000000000          000000000000000000000000000000000000000000000000  00000099
70000000000000000011550004665810115004DOC5139                  0046658100000071510000000   00000000000000 0102280619DOC5139                       050719000000005247008501155010000000000000000000000000000000000000000000000000000000000000000000000000000000000000000000000000000000000000000000000000000000000000000000000000000000000000          000000000000000000000000000000000000000000000000  00000100
70000000000000000011550004665810115004DOC5140                  0046658100000071610000000   00000000000000 0102280619DOC5140                       050719000000006050008501155010000000000000000000000000000000000000000000000000000000000000000000000000000000000000000000000000000000000000000000000000000000000000000000000000000000000000          000000000000000000000000000000000000000000000000  00000101
70000000000000000011550004665810115004DOC5141                  0046658100000071710000000   00000000000000 0102280619DOC5141                       200719000000002750008501155010000000000000000000000000000000000000000000000000000000000000000000000000000000000000000000000000000000000000000000000000000000000000000000000000000000000000          000000000000000000000000000000000000000000000000  00000102
70000000000000000011550004665810115004DOC5142                  0046658100000071810000000   00000000000000 0102280619DOC5142                       050719000000003300008501155010000000000000000000000000000000000000000000000000000000000000000000000000000000000000000000000000000000000000000000000000000000000000000000000000000000000000          000000000000000000000000000000000000000000000000  00000103
70000000000000000011550004665810115004DOC5143                  0046658100000071910000000   00000000000000 0102280619DOC5143                       050719000000004180008501155010000000000000000000000000000000000000000000000000000000000000000000000000000000000000000000000000000000000000000000000000000000000000000000000000000000000000          000000000000000000000000000000000000000000000000  00000104
70000000000000000011550004665810115004DOC5144                  0046658100000072010000050   00000000000000 0102280619DOC5144                       050719000000014300008501155010000000000000000000000000000000000000000000000000000000000000000000000000000000000000000000000000000000000000000000000000000000000000000000000000000000000000          000000000000000000000000000000000000000000000000  00000105
70000000000000000011550004665810115004DOC5145                  0046658100000072110000050   00000000000000 0102280619DOC5145                       120719000000002750008501155010000000000000000000000000000000000000000000000000000000000000000000000000000000000000000000000000000000000000000000000000000000000000000000000000000000000000          000000000000000000000000000000000000000000000000  00000106
70000000000000000011550004665810115004DOC5146                  0046658100000072210000000   00000000000000 0102280619DOC5146                       150719000000022000008501155010000000000000000000000000000000000000000000000000000000000000000000000000000000000000000000000000000000000000000000000000000000000000000000000000000000000000          000000000000000000000000000000000000000000000000  00000107
70000000000000000011550004665810115004DOC5147                  0046658100000072310000000   00000000000000 0102280619DOC5147                       050719000000017700008501155010000000000000000000000000000000000000000000000000000000000000000000000000000000000000000000000000000000000000000000000000000000000000000000000000000000000000          000000000000000000000000000000000000000000000000  00000108
70000000000000000011550004665810115004DOC5148                  0046658100000072410000050   00000000000000 0102280619DOC5148                       050719000000001980008501155010000000000000000000000000000000000000000000000000000000000000000000000000000000000000000000000000000000000000000000000000000000000000000000000000000000000000          000000000000000000000000000000000000000000000000  00000109
70000000000000000011550004665810115004DOC5149                  0046658100000072510000000   00000000000000 0102280619DOC5149                       050719000000001650008501155010000000000000000000000000000000000000000000000000000000000000000000000000000000000000000000000000000000000000000000000000000000000000000000000000000000000000          000000000000000000000000000000000000000000000000  00000110
70000000000000000011550004665810115004DOC5150                  0046658100000072610000000   00000000000000 0102280619DOC5150                       130719000000002200008501155010000000000000000000000000000000000000000000000000000000000000000000000000000000000000000000000000000000000000000000000000000000000000000000000000000000000000          000000000000000000000000000000000000000000000000  00000111
70000000000000000011550004665810115004DOC5151                  0046658100000072710000000   00000000000000 0102280619DOC5151                       050719000000001100008501155010000000000000000000000000000000000000000000000000000000000000000000000000000000000000000000000000000000000000000000000000000000000000000000000000000000000000          000000000000000000000000000000000000000000000000  00000112
70000000000000000011550004665810115004DOC5152                  0046658100000072810000050   00000000000000 0102280619DOC5152                       050719000000003300008501155010000000000000000000000000000000000000000000000000000000000000000000000000000000000000000000000000000000000000000000000000000000000000000000000000000000000000          000000000000000000000000000000000000000000000000  00000113
70000000000000000011550004665810115004DOC5153                  0046658100000072910000000   00000000000000 0102280619DOC5153                       050719000000002750008501155010000000000000000000000000000000000000000000000000000000000000000000000000000000000000000000000000000000000000000000000000000000000000000000000000000000000000          000000000000000000000000000000000000000000000000  00000114
70000000000000000011550004665810115004DOC5154                  0046658100000073010000000   00000000000000 0102280619DOC5154                       050719000000000990008501155010000000000000000000000000000000000000000000000000000000000000000000000000000000000000000000000000000000000000000000000000000000000000000000000000000000000000          000000000000000000000000000000000000000000000000  00000115
70000000000000000011550004665810115004DOC5155                  0046658100000073110000050   00000000000000 0102280619DOC5155                       120719000000011000008501155010000000000000000000000000000000000000000000000000000000000000000000000000000000000000000000000000000000000000000000000000000000000000000000000000000000000000          000000000000000000000000000000000000000000000000  00000116
70000000000000000011550004665810115004DOC5156                  0046658100000073210000000   00000000000000 0102280619DOC5156                       050719000000000800008501155010000000000000000000000000000000000000000000000000000000000000000000000000000000000000000000000000000000000000000000000000000000000000000000000000000000000000          000000000000000000000000000000000000000000000000  00000117
70000000000000000011550004665810115004DOC5157                  0046658100000073310000000   00000000000000 0102280619DOC5157                       050719000000033000008501155010000000000000000000000000000000000000000000000000000000000000000000000000000000000000000000000000000000000000000000000000000000000000000000000000000000000000          000000000000000000000000000000000000000000000000  00000118
70000000000000000011550004665810115004DOC5158                  0046658100000073410000000   00000000000000 0102280619DOC5158                       100719000000003850008501155010000000000000000000000000000000000000000000000000000000000000000000000000000000000000000000000000000000000000000000000000000000000000000000000000000000000000          000000000000000000000000000000000000000000000000  00000119
70000000000000000011550004665810115004DOC5159                  0046658100000073510000050   00000000000000 0102280619DOC5159                       100719000000015025508501155010000000000000000000000000000000000000000000000000000000000000000000000000000000000000000000000000000000000000000000000000000000000000000000000000000000000000          000000000000000000000000000000000000000000000000  00000120
70000000000000000011550004665810115004DOC5160                  0046658100000073610000000   00000000000000 0102280619DOC5160                       100719000000002750008501155010000000000000000000000000000000000000000000000000000000000000000000000000000000000000000000000000000000000000000000000000000000000000000000000000000000000000          000000000000000000000000000000000000000000000000  00000121
70000000000000000011550004665810115004DOC5161                  0046658100000073710000000   00000000000000 0102280619DOC5161                       100719000000001320008501155010000000000000000000000000000000000000000000000000000000000000000000000000000000000000000000000000000000000000000000000000000000000000000000000000000000000000          000000000000000000000000000000000000000000000000  00000122
70000000000000000011550004665810115004DOC5162                  0046658100000073810000050   00000000000000 0102280619DOC5162                       100719000000009350008501155010000000000000000000000000000000000000000000000000000000000000000000000000000000000000000000000000000000000000000000000000000000000000000000000000000000000000          000000000000000000000000000000000000000000000000  00000123
70000000000000000011550004665810115004DOC5163                  0046658100000073910000050   00000000000000 0102280619DOC5163                       050719000000015950008501155010000000000000000000000000000000000000000000000000000000000000000000000000000000000000000000000000000000000000000000000000000000000000000000000000000000000000          000000000000000000000000000000000000000000000000  00000124
70000000000000000011550004665810115004DOC5164                  0046658100000074010000000   00000000000000 0102280619DOC5164                       050719000000005247008501155010000000000000000000000000000000000000000000000000000000000000000000000000000000000000000000000000000000000000000000000000000000000000000000000000000000000000          000000000000000000000000000000000000000000000000  00000125
70000000000000000011550004665810115004DOC5165                  0046658100000074110000000   00000000000000 0102280619DOC5165                       050719000000003000008501155010000000000000000000000000000000000000000000000000000000000000000000000000000000000000000000000000000000000000000000000000000000000000000000000000000000000000          000000000000000000000000000000000000000000000000  00000126
70000000000000000011550004665810115004DOC5166                  0046658100000074210000000   00000000000000 0102280619DOC5166                       050719000000002750008501155010000000000000000000000000000000000000000000000000000000000000000000000000000000000000000000000000000000000000000000000000000000000000000000000000000000000000          000000000000000000000000000000000000000000000000  00000127
70000000000000000011550004665810115004DOC5167                  0046658100000074310000000   00000000000000 0102280619DOC5167                       050719000000002200008501155010000000000000000000000000000000000000000000000000000000000000000000000000000000000000000000000000000000000000000000000000000000000000000000000000000000000000          000000000000000000000000000000000000000000000000  00000128
70000000000000000011550004665810115004DOC5168                  0046658100000074410000050   00000000000000 0102280619DOC5168                       050719000000005247008501155010000000000000000000000000000000000000000000000000000000000000000000000000000000000000000000000000000000000000000000000000000000000000000000000000000000000000          000000000000000000000000000000000000000000000000  00000129
70000000000000000011550004665810115004DOC5169                  0046658100000074510000000   00000000000000 0102280619DOC5169                       100719000000001320008501155010000000000000000000000000000000000000000000000000000000000000000000000000000000000000000000000000000000000000000000000000000000000000000000000000000000000000          000000000000000000000000000000000000000000000000  00000130
70000000000000000011550004665810115004DOC5170                  0046658100000074610000000   00000000000000 0102280619DOC5170                       050719000000006600008501155010000000000000000000000000000000000000000000000000000000000000000000000000000000000000000000000000000000000000000000000000000000000000000000000000000000000000          000000000000000000000000000000000000000000000000  00000131
70000000000000000011550004665810115004DOC5171                  0046658100000074710000000   00000000000000 0102280619DOC5171                       050719000000010494008501155010000000000000000000000000000000000000000000000000000000000000000000000000000000000000000000000000000000000000000000000000000000000000000000000000000000000000          000000000000000000000000000000000000000000000000  00000132
70000000000000000011550004665810115004DOC5172                  0046658100000074810000000   00000000000000 0102280619DOC5172                       050719000000010494008501155010000000000000000000000000000000000000000000000000000000000000000000000000000000000000000000000000000000000000000000000000000000000000000000000000000000000000          000000000000000000000000000000000000000000000000  00000133
70000000000000000011550004665810115004DOC5173                  0046658100000074910000000   00000000000000 0102280619DOC5173                       150719000000005500008501155010000000000000000000000000000000000000000000000000000000000000000000000000000000000000000000000000000000000000000000000000000000000000000000000000000000000000          000000000000000000000000000000000000000000000000  00000134
70000000000000000011550004665810115004DOC5174                  0046658100000075010000000   00000000000000 0102280619DOC5174                       050719000000003500008501155010000000000000000000000000000000000000000000000000000000000000000000000000000000000000000000000000000000000000000000000000000000000000000000000000000000000000          000000000000000000000000000000000000000000000000  00000135
70000000000000000011550004665810115004DOC5175                  0046658100000075110000050   00000000000000 0102280619DOC5175                       050719000000003000008501155010000000000000000000000000000000000000000000000000000000000000000000000000000000000000000000000000000000000000000000000000000000000000000000000000000000000000          000000000000000000000000000000000000000000000000  00000136
70000000000000000011550004665810115004DOC5176                  0046658100000075210000000   00000000000000 0102280619DOC5176                       050719000000009000008501155010000000000000000000000000000000000000000000000000000000000000000000000000000000000000000000000000000000000000000000000000000000000000000000000000000000000000          000000000000000000000000000000000000000000000000  00000137
70000000000000000011550004665810115004DOC5177                  0046658100000075310000000   00000000000000 0102280619DOC5177                       150719000000007600008501155010000000000000000000000000000000000000000000000000000000000000000000000000000000000000000000000000000000000000000000000000000000000000000000000000000000000000          000000000000000000000000000000000000000000000000  00000138
70000000000000000011550004665810115004DOC5178                  0046658100000075410000000   00000000000000 0102280619DOC5178                       050719000000003500008501155010000000000000000000000000000000000000000000000000000000000000000000000000000000000000000000000000000000000000000000000000000000000000000000000000000000000000          000000000000000000000000000000000000000000000000  00000139
70000000000000000011550004665810115004DOC5179                  0046658100000075510000000   00000000000000 0102280619DOC5179                       050719000000002400008501155010000000000000000000000000000000000000000000000000000000000000000000000000000000000000000000000000000000000000000000000000000000000000000000000000000000000000          000000000000000000000000000000000000000000000000  00000140
70000000000000000011550004665810115004DOC5180                  0046658100000075610000050   00000000000000 0102280619DOC5180                       050719000000005500008501155010000000000000000000000000000000000000000000000000000000000000000000000000000000000000000000000000000000000000000000000000000000000000000000000000000000000000          000000000000000000000000000000000000000000000000  00000141
70000000000000000011550004665810115004DOC5181                  0046658100000075710000050   00000000000000 0102280619DOC5181                       050719000000003800008501155010000000000000000000000000000000000000000000000000000000000000000000000000000000000000000000000000000000000000000000000000000000000000000000000000000000000000          000000000000000000000000000000000000000000000000  00000142
70000000000000000011550004665810115004DOC5182                  0046658100000075810000000   00000000000000 0102280619DOC5182                       100719000000005000008501155010000000000000000000000000000000000000000000000000000000000000000000000000000000000000000000000000000000000000000000000000000000000000000000000000000000000000          000000000000000000000000000000000000000000000000  00000143
70000000000000000011550004665810115004DOC5183                  0046658100000075910000050   00000000000000 0102280619DOC5183                       050719000000011000008501155010000000000000000000000000000000000000000000000000000000000000000000000000000000000000000000000000000000000000000000000000000000000000000000000000000000000000          000000000000000000000000000000000000000000000000  00000144
70000000000000000011550004665810115004DOC5184                  0046658100000076010000050   00000000000000 0102280619DOC5184                       100719000000005000008501155010000000000000000000000000000000000000000000000000000000000000000000000000000000000000000000000000000000000000000000000000000000000000000000000000000000000000          000000000000000000000000000000000000000000000000  00000145
70000000000000000011550004665810115004DOC5185                  0046658100000076110000000   00000000000000 0102280619DOC5185                       050719000000002500008501155010000000000000000000000000000000000000000000000000000000000000000000000000000000000000000000000000000000000000000000000000000000000000000000000000000000000000          000000000000000000000000000000000000000000000000  00000146
70000000000000000011550004665810115004DOC5186                  0046658100000076210000000   00000000000000 0102280619DOC5186                       050719000000002200008501155010000000000000000000000000000000000000000000000000000000000000000000000000000000000000000000000000000000000000000000000000000000000000000000000000000000000000          000000000000000000000000000000000000000000000000  00000147
70000000000000000011550004665810115004DOC5187                  0046658100000076310000000   00000000000000 0102280619DOC5187                       100719000000005000008501155010000000000000000000000000000000000000000000000000000000000000000000000000000000000000000000000000000000000000000000000000000000000000000000000000000000000000          000000000000000000000000000000000000000000000000  00000148
70000000000000000011550004665810115004DOC5188                  0046658100000076410000050   00000000000000 0102280619DOC5188                       150719000000040000008501155010000000000000000000000000000000000000000000000000000000000000000000000000000000000000000000000000000000000000000000000000000000000000000000000000000000000000          000000000000000000000000000000000000000000000000  00000149
70000000000000000011550004665810115004DOC5189                  0046658100000076510000050   00000000000000 0102280619DOC5189                       150719000000006500008501155010000000000000000000000000000000000000000000000000000000000000000000000000000000000000000000000000000000000000000000000000000000000000000000000000000000000000          000000000000000000000000000000000000000000000000  00000150
70000000000000000011550004665810115004DOC5190                  0046658100000076610000050   00000000000000 0102280619DOC5190                       100719000000010400008501155010000000000000000000000000000000000000000000000000000000000000000000000000000000000000000000000000000000000000000000000000000000000000000000000000000000000000          000000000000000000000000000000000000000000000000  00000151
70000000000000000011550004665810115004DOC5191                  0046658100000076710000050   00000000000000 0102280619DOC5191                       050719000000006500008501155010000000000000000000000000000000000000000000000000000000000000000000000000000000000000000000000000000000000000000000000000000000000000000000000000000000000000          000000000000000000000000000000000000000000000000  00000152
70000000000000000011550004665810115004DOC5192                  0046658100000076810000000   00000000000000 0102280619DOC5192                       050719000000001500008501155010000000000000000000000000000000000000000000000000000000000000000000000000000000000000000000000000000000000000000000000000000000000000000000000000000000000000          000000000000000000000000000000000000000000000000  00000153
70000000000000000011550004665810115004DOC5193                  0046658100000076910000000   00000000000000 0102280619DOC5193                       100719000000002000008501155010000000000000000000000000000000000000000000000000000000000000000000000000000000000000000000000000000000000000000000000000000000000000000000000000000000000000          000000000000000000000000000000000000000000000000  00000154
70000000000000000011550004665810115004DOC5194                  0046658100000077010000000   00000000000000 0102280619DOC5194                       050719000000002000008501155010000000000000000000000000000000000000000000000000000000000000000000000000000000000000000000000000000000000000000000000000000000000000000000000000000000000000          000000000000000000000000000000000000000000000000  00000155
70000000000000000011550004665810115004DOC5195                  0046658100000077110000000   00000000000000 0102280619DOC5195                       050719000000002500008501155010000000000000000000000000000000000000000000000000000000000000000000000000000000000000000000000000000000000000000000000000000000000000000000000000000000000000          000000000000000000000000000000000000000000000000  00000156
70000000000000000011550004665810115004DOC5196                  0046658100000077210000000   00000000000000 0102280619DOC5196                       050719000000006000008501155010000000000000000000000000000000000000000000000000000000000000000000000000000000000000000000000000000000000000000000000000000000000000000000000000000000000000          000000000000000000000000000000000000000000000000  00000157
70000000000000000011550004665810115004DOC5197                  0046658100000077310000000   00000000000000 0102280619DOC5197                       050719000000002500008501155010000000000000000000000000000000000000000000000000000000000000000000000000000000000000000000000000000000000000000000000000000000000000000000000000000000000000          000000000000000000000000000000000000000000000000  00000158
70000000000000000011550004665810115004DOC5198                  0046658100000077410000050   00000000000000 0102280619DOC5198                       050719000000008000008501155010000000000000000000000000000000000000000000000000000000000000000000000000000000000000000000000000000000000000000000000000000000000000000000000000000000000000          000000000000000000000000000000000000000000000000  00000159
70000000000000000011550004665810115004DOC5199                  0046658100000077510000000   00000000000000 0102280619DOC5199                       050719000000000800008501155010000000000000000000000000000000000000000000000000000000000000000000000000000000000000000000000000000000000000000000000000000000000000000000000000000000000000          000000000000000000000000000000000000000000000000  00000160
9201001          000002410000002580230500000000          000000000000000000000000000000          000000000000000000000000000000          000000000000000000000000000000                                                  000000000000000000000000000000                                                                                                                                                   000161
