02RETORNO01COBRANCA       01155000466581000000PLANNER CONTABILIDADE E AUDITO085COOPERATIVA DE 0507190000064                                          0115004                                                                                                                                                                                                                                              000001
70000000000000000011550004665810115004DOC5157                  0046658100000073310000001   00000000000000 0106040719DOC5157                       050719000000033000075630341010507190000184000000000000000000000000000000000000000000000000000000000000000000000000000000000000000000000000000000000000000000000000000033000000000000000000          000000000000000000000000000000000000000000000000  02000002
70000000000000000011550004665810115004DOC5172                  0046658100000074810000001   00000000000000 0106040719DOC5172                       050719000000010494075630341010507190000184000000000000000000000000000000000000000000000000000000000000000000000000000000000000000000000000000000000000000000000000000010494000000000000000          000000000000000000000000000000000000000000000000  02000003
70000000000000000011550004665810115004DOC5121                  0046658100000069710000001   00000000000000 0106040719DOC5121                       050719000000007700075673431010507190000184000000000000000000000000000000000000000000000000000000000000000000000000000000000000000000000000000000000000000000000000000007700000000000000000          000000000000000000000000000000000000000000000000  08000004
70000000000000000011550004665810115004DOC5120                  0046658100000069610000001   00000000000000 0106040719DOC5120                       050719000000007700075673431010507190000184000000000000000000000000000000000000000000000000000000000000000000000000000000000000000000000000000000000000000000000000000007700000000000000000          000000000000000000000000000000000000000000000000  08000005
70000000000000000011550004665810115004DOC5045                  0046658100000062110000001   00000000000000 0106040719DOC5045                       050719000000005315823703670010507190000184000000000000000000000000000000000000000000000000000000000000000000000000000000000000000000000000000000000000000000000000000005315800000000000000          000000000000000000000000000000000000000000000000  02000006
70000000000000000011550004665810115004DOC5169                  0046658100000074510000001   00000000000000 0106040719DOC5169                       100719000000001320010404235010507190000184000000000000000000000000000000000000000000000000000000000000000000000000000000000000000000000000000000000000000000000000000001320000000000000000          000000000000000000000000000000000000000000000000  07000007
70000000000000000011550004665810115004DOC5161                  0046658100000073710000001   00000000000000 0106040719DOC5161                       100719000000001320010404235010507190000184000000000000000000000000000000000000000000000000000000000000000000000000000000000000000000000000000000000000000000000000000001320000000000000000          000000000000000000000000000000000000000000000000  07000008
70000000000000000011550004665810115004DOC5055                  0046658100000063110000001   00000000000000 0106040719DOC5055                       100719000000003669210404235010507190000184000000000000000000000000000000000000000000000000000000000000000000000000000000000000000000000000000000000000000000000000000003669200000000000000          000000000000000000000000000000000000000000000000  07000009
70000000000000000011550004665810115004DOC5165                  0046658100000074110000001   00000000000000 0106040719DOC5165                       050719000000003000023703670010507190000184000000000000000000000000000000000000000000000000000000000000000000000000000000000000000000000000000000000000000000000000000003000000000000000000          000000000000000000000000000000000000000000000000  02000010
70000000000000000011550004665810115004DOC5073                  0046658100000064910000000   00000000000000 0131040719DOC5073                       100719000000036342908501155010000000000100000000000000000000000000000000000000000000000000000000000000500000000000000000000000000000000000000000000000000000000000000000000000000000000000          000000000000000000000000000000000000000000000000  00000011
70000000000000000011550004665810115004NFSE4613                 0046658100000023310000090   00000000000000 0109040719NFSE4613                      050519000000011322508501155010000000000100000000000000000000000000000000000000000000000000000000000000000000000000000000000000000000000000000000000000000000000000000000000000000000000000          000000000000000000000000000000000000000000000000  00000012
70000000000000000011550004665810115004NFSE4629                 0046658100000024910000090   00000000000000 0109040719NFSE4629                      050519000000002873808501155010000000000100000000000000000000000000000000000000000000000000000000000000000000000000000000000000000000000000000000000000000000000000000000000000000000000000          000000000000000000000000000000000000000000000000  00000013
70000000000000000011550004665810115004NFSE4632                 0046658100000025210000090   00000000000000 0109040719NFSE4632                      050519000000000804708501155010000000000100000000000000000000000000000000000000000000000000000000000000000000000000000000000000000000000000000000000000000000000000000000000000000000000000          000000000000000000000000000000000000000000000000  00000014
70000000000000000011550004665810115004NFSE4634                 0046658100000025410000090   00000000000000 0109040719NFSE4634                      050519000000009196008501155010000000000100000000000000000000000000000000000000000000000000000000000000000000000000000000000000000000000000000000000000000000000000000000000000000000000000          000000000000000000000000000000000000000000000000  00000015
70000000000000000011550004665810115004NFSE4636                 0046658100000025610000090   00000000000000 0109040719NFSE4636                      050519000000002241408501155010000000000100000000000000000000000000000000000000000000000000000000000000000000000000000000000000000000000000000000000000000000000000000000000000000000000000          000000000000000000000000000000000000000000000000  00000016
70000000000000000011550004665810115004NFSE4639                 0046658100000025910000090   00000000000000 0109040719NFSE4639                      050519000000030241608501155010000000000100000000000000000000000000000000000000000000000000000000000000000000000000000000000000000000000000000000000000000000000000000000000000000000000000          000000000000000000000000000000000000000000000000  00000017
70000000000000000011550004665810115004NFSE4641                 0046658100000026110000090   00000000000000 0109040719NFSE4641                      050519000000001149508501155010000000000100000000000000000000000000000000000000000000000000000000000000000000000000000000000000000000000000000000000000000000000000000000000000000000000000          000000000000000000000000000000000000000000000000  00000018
70000000000000000011550004665810115004NFSE4652                 0046658100000027210000090   00000000000000 0109040719NFSE4652                      050519000000015000008501155010000000000100000000000000000000000000000000000000000000000000000000000000000000000000000000000000000000000000000000000000000000000000000000000000000000000000          000000000000000000000000000000000000000000000000  00000019
70000000000000000011550004665810115004NFSE4653                 0046658100000027310000090   00000000000000 0109040719NFSE4653                      050519000000022500008501155010000000000100000000000000000000000000000000000000000000000000000000000000000000000000000000000000000000000000000000000000000000000000000000000000000000000000          000000000000000000000000000000000000000000000000  00000020
70000000000000000011550004665810115004NFSE4669                 0046658100000028910000090   00000000000000 0109040719NFSE4669                      050519000000004400008501155010000000000100000000000000000000000000000000000000000000000000000000000000000000000000000000000000000000000000000000000000000000000000000000000000000000000000          000000000000000000000000000000000000000000000000  00000021
70000000000000000011550004665810115004NFSE4674                 0046658100000029410000090   00000000000000 0109040719NFSE4674                      050519000000001980008501155010000000000100000000000000000000000000000000000000000000000000000000000000000000000000000000000000000000000000000000000000000000000000000000000000000000000000          000000000000000000000000000000000000000000000000  00000022
70000000000000000011550004665810115004NFSE4681                 0046658100000030110000090   00000000000000 0109040719NFSE4681                      050519000000000990008501155010000000000100000000000000000000000000000000000000000000000000000000000000000000000000000000000000000000000000000000000000000000000000000000000000000000000000          000000000000000000000000000000000000000000000000  00000023
70000000000000000011550004665810115004NFSE4691                 0046658100000031110000090   00000000000000 0109040719NFSE4691                      050519000000000400008501155010000000000100000000000000000000000000000000000000000000000000000000000000000000000000000000000000000000000000000000000000000000000000000000000000000000000000          000000000000000000000000000000000000000000000000  00000024
70000000000000000011550004665810115004NFSE4699                 0046658100000031910000090   00000000000000 0109040719NFSE4699                      050519000000006600008501155010000000000100000000000000000000000000000000000000000000000000000000000000000000000000000000000000000000000000000000000000000000000000000000000000000000000000          000000000000000000000000000000000000000000000000  00000025
70000000000000000011550004665810115004NFSE4700                 0046658100000032010000090   00000000000000 0109040719NFSE4700                      050519000000010594008501155010000000000100000000000000000000000000000000000000000000000000000000000000000000000000000000000000000000000000000000000000000000000000000000000000000000000000          000000000000000000000000000000000000000000000000  00000026
70000000000000000011550004665810115004NFSE4713                 0046658100000033310000090   00000000000000 0109040719NFSE4713                      050519000000002500008501155010000000000100000000000000000000000000000000000000000000000000000000000000000000000000000000000000000000000000000000000000000000000000000000000000000000000000          000000000000000000000000000000000000000000000000  00000027
70000000000000000011550004665810115004NFSE4714                 0046658100000033410000090   00000000000000 0109040719NFSE4714                      050519000000006166608501155010000000000100000000000000000000000000000000000000000000000000000000000000000000000000000000000000000000000000000000000000000000000000000000000000000000000000          000000000000000000000000000000000000000000000000  00000028
70000000000000000011550004665810115004DOC5073                  0046658100000064910000000   00000000000000 0110040719DOC5073                       100719000000036342908501155010000000000100000000000000000000000000000000000000000000000000000000000000500000000000000000000000000000000000000000000000000000000000000000000000000000000000          000000000000000000000000000000000000000000000000  00000029
9201001          000001980000002243634500000000          000000000000000000000000000000          000000000000000000000000000000          000000000000000000000000000000                                                  000000000000000000000000000000                                                                                                                                                   000030
