02RETORNO01COBRANCA       01155000466581000000PLANNER CONTABILIDADE E AUDITO085COOPERATIVA DE 0407190000063                                          0115004                                                                                                                                                                                                                                              000001
70000000000000000011550004665810115004DOC5057                  0046658100000063310000001   00000000000000 0106030719DOC5057                       050719000000005775075630694010407190000184000000000000000000000000000000000000000000000000000000000000000000000000000000000000000000000000000000000000000000000000000005775000000000000000          000000000000000000000000000000000000000000000000  02000002
70000000000000000011550004665810115004DOC5054                  0046658100000063010000001   00000000000000 0106030719DOC5054                       050719000000005065200102763010407190000184000000000000000000000000000000000000000000000000000000000000000000000000000000000000000000000000000000000000000000000000000005065200000000000000          000000000000000000000000000000000000000000000000  01000003
9201001          000002090000002354645900000000          000000000000000000000000000000          000000000000000000000000000000          000000000000000000000000000000                                                  000000000000000000000000000000                                                                                                                                                   000004
