02RETORNO01COBRANCA       01155000490318000000PLANNER INTELIGENCIA CONTABIL 085COOPERATIVA DE 1308190000069                                          0115004                                                                                                                                                                                                                                              000001
70000000000000000011550004903180115004DOC570                   0049031800000024210000001   00000000000000 0106120819DOC570                        120819000000003850034101546011308190000184000000000000000000000000000000000000000000000000000000000000000000000000000000000000000000000000000000000000000000000000000003850000000000000000          000000000000000000000000000000000000000000000000  09000002
70000000000000000011550004903180115004DOC555                   0049031800000022710000001   00000000000000 0106120819DOC555                        100819000000002799974859145011308190000184000000000000000000000000000000000000000000000000000000000000000000000000000000000000000000000000000000000000000000000000000002799900000000000000          000000000000000000000000000000000000000000000000  02000003
70000000000000000011550004903180115004DOC547                   0049031800000021910000001   00000000000000 0106120819DOC547                        100819000000003359823703816011308190000184000000000000000000000000000000000000000000000000000000000000000000000000000000000000000000000000000000000000000000000000000003359800000000000000          000000000000000000000000000000000000000000000000  02000004
70000000000000000011550004903180115004DOC545                   0049031800000021710000001   00000000000000 0106120819DOC545                        100819000000007768523721490011308190000184000000000000000000000000000000000000000000000000000000000000000000000000000000000000000000000000000000000000000000000000000007768500000000000000          000000000000000000000000000000000000000000000000  01000005
70000000000000000011550004903180115004DOC580                   0049031800000025210000001   00000000000000 0106120819DOC580                        100819000000005247023721490011308190000184000000000000000000000000000000000000000000000000000000000000000000000000000000000000000000000000000000000000000000000000000005247000000000000000          000000000000000000000000000000000000000000000000  01000006
70000000000000000011550004903180115004DOC540                   0049031800000021210000001   00000000000000 0106120819DOC540                        100819000000042425423772818011308190000184000000000000000000000000000000000000000000000000000000000000000000000000000000000000000000000000000000000000000000000000000042425400000000000000          000000000000000000000000000000000000000000000000  02000007
70000000000000000011550004903180115004DOC546                   0049031800000021810000001   00000000000000 0106120819DOC546                        100819000000010639623703816011308190000184000000000000000000000000000000000000000000000000000000000000000000000000000000000000000000000000000000000000000000000000000010639600000000000000          000000000000000000000000000000000000000000000000  02000008
70000000000000000011550004903180115004DOC548                   0049031800000022010000001   00000000000000 0106120819DOC548                        100819000000003563500106297011308190000184000000000000000000000000000000000000000000000000000000000000000000000000000000000000000000000000000000000000000000000000000003563500000000000000          000000000000000000000000000000000000000000000000  05000009
70000000000000000011550004903180115004DOC563                   0049031800000023510000001   00000000000000 0106120819DOC563                        100819000000002500000106297011308190000184000000000000000000000000000000000000000000000000000000000000000000000000000000000000000000000000000000000000000000000000000002500000000000000000          000000000000000000000000000000000000000000000000  02000010
70000000000000000011550004903180115004DOC539                   0049031800000021110000001   00000000000000 0106120819DOC539                        100819000000006024000106297011308190000184000000000000000000000000000000000000000000000000000000000000000000000000000000000000000000000000000000000000000000000000000006024000000000000000          000000000000000000000000000000000000000000000000  02000011
70000000000000000011550004903180115004DOC575                   0049031800000024710000001   00000000000000 0106120819DOC575                        050819000000009900010408095011308190000184000000000000000000000000000000000000000000000000000000000000000000000000000000000000000232600000000000000000000000000000000010132600000000000000          000000000000000000000000000000000000000000000000  02000012
70000000000000000011550004903180115004DOC549                   0049031800000022110000001   00000000000000 0106120819DOC549                        100819000000007114208501015011308190000100000000000000000000000000000000000000000000000000000000000000000000000000000000000000000000000000000000000000000000000000000007114200000000000000          000000000000000000000000000000000000000000000000  02000013
70000000000000000011550004903180115004DOC554                   0049031800000022610000001   00000000000000 0106120819DOC554                        100819000000006803508501015011308190000100000000000000000000000000000000000000000000000000000000000000000000000000000000000000000000000000000000000000000000000000000006803500000000000000          000000000000000000000000000000000000000000000000  02000014
70000000000000000011550004903180115004DOC567                   0049031800000023910000001   00000000000000 0106120819DOC567                        100819000000006600008501015011308190000100000000000000000000000000000000000000000000000000000000000000000000000000000000000000000000000000000000000000000000000000000006600000000000000000          000000000000000000000000000000000000000000000000  02000015
70000000000000000011550004903180115004DOC568                   0049031800000024010000001   00000000000000 0106120819DOC568                        100819000000006600008501015011308190000100000000000000000000000000000000000000000000000000000000000000000000000000000000000000000000000000000000000000000000000000000006600000000000000000          000000000000000000000000000000000000000000000000  02000016
70000000000000000011550004903180115004DOC553                   0049031800000022510000001   00000000000000 0106120819DOC553                        100819000000011957008501015011308190000100000000000000000000000000000000000000000000000000000000000000000000000000000000000000000000000000000000000000000000000000000011957000000000000000          000000000000000000000000000000000000000000000000  02000017
9201001          000000330000000174081700000000          000000000000000000000000000000          000000000000000000000000000000          000000000000000000000000000000                                                  000000000000000000000000000000                                                                                                                                                   000018
