02RETORNO01COBRANCA       01155000466581000000PLANNER CONTABILIDADE E AUDITO085COOPERATIVA DE 0606190000047                                          0115004                                                                                                                                                                                                                                              000001
70000000000000000011550004665810115004DOC4994                  0046658100000059310000001   00000000000000 0106050619DOC4994                       050619000000003500008501155010606190000100000000000000000000000000000000000000000000000000000000000000000000000000000000000000000000000000000000000000000000000000000003500000000000000000          000000000000000000000000000000000000000000000000  02000002
70000000000000000011550004665810115004DOC4940                  0046658100000053910000001   00000000000000 0106050619DOC4940                       050619000000015000008501155010606190000100000000000000000000000000000000000000000000000000000000000000000000000000000000000000000000000000000000000000000000000000000015000000000000000000          000000000000000000000000000000000000000000000000  02000003
70000000000000000011550004665810115004DOC4952                  0046658100000055110000001   00000000000000 0106050619DOC4952                       050619000000006050008501155010606190000100000000000000000000000000000000000000000000000000000000000000000000000000000000000000000000000000000000000000000000000000000006050000000000000000          000000000000000000000000000000000000000000000000  02000004
70000000000000000011550004665810115004DOC4997                  0046658100000059610000001   00000000000000 0106050619DOC4997                       050619000000003800008501155010606190000100000000000000000000000000000000000000000000000000000000000000000000000000000000000000000000000000000000000000000000000000000003800000000000000000          000000000000000000000000000000000000000000000000  02000005
70000000000000000011550004665810115004DOC4878                  0046658100000047710000001   00000000000000 0106050619DOC4878                       050619000000003156375617710010606190000184000000000000000000000000000000000000000000000000000000000000000000000000000000000000000000000000000000000000000000000000000003156300000000000000          000000000000000000000000000000000000000000000000  08000006
70000000000000000011550004665810115004DOC4858                  0046658100000045710000001   00000000000000 0106050619DOC4858                       050619000000003448575630341010606190000184000000000000000000000000000000000000000000000000000000000000000000000000000000000000000000000000000000000000000000000000000003448500000000000000          000000000000000000000000000000000000000000000000  02000007
70000000000000000011550004665810115004DOC4995                  0046658100000059410000001   00000000000000 0106050619DOC4995                       050619000000002400075673431010606190000184000000000000000000000000000000000000000000000000000000000000000000000000000000000000000000000000000000000000000000000000000002400000000000000000          000000000000000000000000000000000000000000000000  08000008
70000000000000000011550004665810115004DOC4867                  0046658100000046610000001   00000000000000 0106050619DOC4867                       050619000000005775075603190010606190000184000000000000000000000000000000000000000000000000000000000000000000000000000000000000000000000000000000000000000000000000000005775000000000000000          000000000000000000000000000000000000000000000000  08000009
70000000000000000011550004665810115004DOC4939                  0046658100000053810000001   00000000000000 0106050619DOC4939                       050619000000013200075630341010606190000184000000000000000000000000000000000000000000000000000000000000000000000000000000000000000000000000000000000000000000000000000013200000000000000000          000000000000000000000000000000000000000000000000  02000010
70000000000000000011550004665810115004DOC4920                  0046658100000051910000001   00000000000000 0106050619DOC4920                       050619000000005172875618848010606190000184000000000000000000000000000000000000000000000000000000000000000000000000000000000000000000000000000000000000000000000000000005172800000000000000          000000000000000000000000000000000000000000000000  08000011
70000000000000000011550004665810115004DOC4956                  0046658100000055510000001   00000000000000 0106050619DOC4956                       050619000000003300075630341010606190000184000000000000000000000000000000000000000000000000000000000000000000000000000000000000000000000000000000000000000000000000000003300000000000000000          000000000000000000000000000000000000000000000000  02000012
70000000000000000011550004665810115004DOC4854                  0046658100000045310000001   00000000000000 0106050619DOC4854                       050619000000005315823703670010606190000184000000000000000000000000000000000000000000000000000000000000000000000000000000000000000000000000000000000000000000000000000005315800000000000000          000000000000000000000000000000000000000000000000  02000013
70000000000000000011550004665810115004DOC4933                  0046658100000053210000001   00000000000000 0106050619DOC4933                       050619000000004400023769450010606190000184000000000000000000000000000000000000000000000000000000000000000000000000000000000000000000000000000000000000000000000000000004400000000000000000          000000000000000000000000000000000000000000000000  02000014
70000000000000000011550004665810115004DOC4947                  0046658100000054610000001   00000000000000 0106050619DOC4947                       050619000000004950075673431010606190000184000000000000000000000000000000000000000000000000000000000000000000000000000000000000000000000000000000000000000000000000000004950000000000000000          000000000000000000000000000000000000000000000000  08000015
70000000000000000011550004665810115004DOC4988                  0046658100000058710000001   00000000000000 0106050619DOC4988                       050619000000010494075611576010606190000184000000000000000000000000000000000000000000000000000000000000000000000000000000000000000000000000000000000000000000000000000010494000000000000000          000000000000000000000000000000000000000000000000  08000016
70000000000000000011550004665810115004DOC4972                  0046658100000057110000001   00000000000000 0106050619DOC4972                       050619000000033000075611576010606190000184000000000000000000000000000000000000000000000000000000000000000000000000000000000000000000000000000000000000000000000000000033000000000000000000          000000000000000000000000000000000000000000000000  08000017
70000000000000000011550004665810115004DOC4904                  0046658100000050310000001   00000000000000 0106050619DOC4904                       050619000000004023375630694010606190000184000000000000000000000000000000000000000000000000000000000000000000000000000000000000000000000000000000000000000000000000000004023300000000000000          000000000000000000000000000000000000000000000000  02000018
70000000000000000011550004665810115004DOC4906                  0046658100000050510000001   00000000000000 0106050619DOC4906                       050619000000004686075630341010606190000184000000000000000000000000000000000000000000000000000000000000000000000000000000000000000000000000000000000000000000000000000004686000000000000000          000000000000000000000000000000000000000000000000  02000019
70000000000000000011550004665810115004DOC4945                  0046658100000054410000001   00000000000000 0106050619DOC4945                       050619000000008000075630341010606190000184000000000000000000000000000000000000000000000000000000000000000000000000000000000000000000000000000000000000000000000000000008000000000000000000          000000000000000000000000000000000000000000000000  02000020
70000000000000000011550004665810115004DOC5010                  0046658100000060910000001   00000000000000 0106050619DOC5010                       050619000000001500075630341010606190000184000000000000000000000000000000000000000000000000000000000000000000000000000000000000000000000000000000000000000000000000000001500000000000000000          000000000000000000000000000000000000000000000000  02000021
70000000000000000011550004665810115004DOC4876                  0046658100000047510000001   00000000000000 0106050619DOC4876                       050619000000047512475630341010606190000184000000000000000000000000000000000000000000000000000000000000000000000000000000000000000000000000000000000000000000000000000047512400000000000000          000000000000000000000000000000000000000000000000  02000022
70000000000000000011550004665810115004DOC4922                  0046658100000052110000001   00000000000000 0106050619DOC4922                       050619000000002873875630341010606190000184000000000000000000000000000000000000000000000000000000000000000000000000000000000000000000000000000000000000000000000000000002873800000000000000          000000000000000000000000000000000000000000000000  02000023
70000000000000000011550004665810115004DOC4966                  0046658100000056510000001   00000000000000 0106050619DOC4966                       050619000000001100075632492010606190000184000000000000000000000000000000000000000000000000000000000000000000000000000000000000000000000000000000000000000000000000000001100000000000000000          000000000000000000000000000000000000000000000000  02000024
70000000000000000011550004665810115004DOC4871                  0046658100000047010000001   00000000000000 0106050619DOC4871                       050619000000035281075603271010606190000184000000000000000000000000000000000000000000000000000000000000000000000000000000000000000000000000000000000000000000000000000035281000000000000000          000000000000000000000000000000000000000000000000  08000025
70000000000000000011550004665810115004DOC5009                  0046658100000060810000001   00000000000000 0106050619DOC5009                       050619000000006500075630341010606190000184000000000000000000000000000000000000000000000000000000000000000000000000000000000000000000000000000000000000000000000000000006500000000000000000          000000000000000000000000000000000000000000000000  02000026
70000000000000000011550004665810115004DOC4886                  0046658100000048510000001   00000000000000 0106050619DOC4886                       050619000000005500075630341010606190000184000000000000000000000000000000000000000000000000000000000000000000000000000000000000000000000000000000000000000000000000000005500000000000000000          000000000000000000000000000000000000000000000000  02000027
70000000000000000011550004665810115004DOC4941                  0046658100000054010000001   00000000000000 0106050619DOC4941                       050619000000022500034184832010606190000184000000000000000000000000000000000000000000000000000000000000000000000000000000000000000000000000000000000000000000000000000022500000000000000000          000000000000000000000000000000000000000000000000  09000028
70000000000000000011550004665810115004DOC4983                  0046658100000058210000001   00000000000000 0106050619DOC4983                       050619000000002200034184832010606190000184000000000000000000000000000000000000000000000000000000000000000000000000000000000000000000000000000000000000000000000000000002200000000000000000          000000000000000000000000000000000000000000000000  02000029
70000000000000000011550004665810115004DOC4863                  0046658100000046210000001   00000000000000 0106050619DOC4863                       050619000000015150034108044010606190000184000000000000000000000000000000000000000000000000000000000000000000000000000000000000000000000000000000000000000000000000000015150000000000000000          000000000000000000000000000000000000000000000000  09000030
70000000000000000011550004665810115004DOC4895                  0046658100000049410000001   00000000000000 0106050619DOC4895                       050619000000006862534184832010606190000184000000000000000000000000000000000000000000000000000000000000000000000000000000000000000000000000000000000000000000000000000006862500000000000000          000000000000000000000000000000000000000000000000  09000031
70000000000000000011550004665810115004DOC4915                  0046658100000051410000001   00000000000000 0106050619DOC4915                       050619000000018910034184832010606190000184000000000000000000000000000000000000000000000000000000000000000000000000000000000000000000000000000000000000000000000000000018910000000000000000          000000000000000000000000000000000000000000000000  02000032
70000000000000000011550004665810115004DOC4942                  0046658100000054110000001   00000000000000 0106050619DOC4942                       050619000000007500023725500010606190000184000000000000000000000000000000000000000000000000000000000000000000000000000000000000000000000000000000000000000000000000000007500000000000000000          000000000000000000000000000000000000000000000000  07000033
70000000000000000011550004665810115004DOC4975                  0046658100000057410000001   00000000000000 0106050619DOC4975                       100619000000002750013612068010606190000184000000000000000000000000000000000000000000000000000000000000000000000000000000000000000000000000000000000000000000000000000002750000000000000000          000000000000000000000000000000000000000000000000  08000034
70000000000000000011550004665810115004DOC4911                  0046658100000051010000001   00000000000000 0106050619DOC4911                       050619000000005700023703670010606190000184000000000000000000000000000000000000000000000000000000000000000000000000000000000000000000000000000000000000000000000000000005700000000000000000          000000000000000000000000000000000000000000000000  02000035
70000000000000000011550004665810115004DOC4980                  0046658100000057910000001   00000000000000 0106050619DOC4980                       050619000000003000023703670010606190000184000000000000000000000000000000000000000000000000000000000000000000000000000000000000000000000000000000000000000000000000000003000000000000000000          000000000000000000000000000000000000000000000000  02000036
70000000000000000011550004665810115004DOC4982                  0046658100000058110000001   00000000000000 0106050619DOC4982                       050619000000002750023703670010606190000184000000000000000000000000000000000000000000000000000000000000000000000000000000000000000000000000000000000000000000000000000002750000000000000000          000000000000000000000000000000000000000000000000  02000037
70000000000000000011550004665810115004DOC4934                  0046658100000053310000001   00000000000000 0106050619DOC4934                       050619000000022000023772389010606190000184000000000000000000000000000000000000000000000000000000000000000000000000000000000000000000000000000000000000000000000000000022000000000000000000          000000000000000000000000000000000000000000000000  02000038
70000000000000000011550004665810115004DOC4968                  0046658100000056710000001   00000000000000 0106050619DOC4968                       050619000000002750003330597010606190000184000000000000000000000000000000000000000000000000000000000000000000000000000000000000000000000000000000000000000000000000000002750000000000000000          000000000000000000000000000000000000000000000000  02000039
70000000000000000011550004665810115004DOC4967                  0046658100000056610000001   00000000000000 0106050619DOC4967                       050619000000003300003312572010606190000184000000000000000000000000000000000000000000000000000000000000000000000000000000000000000000000000000000000000000000000000000003300000000000000000          000000000000000000000000000000000000000000000000  02000040
70000000000000000011550004665810115004DOC4917                  0046658100000051610000001   00000000000000 0106050619DOC4917                       050619000000005211703312572010606190000184000000000000000000000000000000000000000000000000000000000000000000000000000000000000000000000000000000000000000000000000000005211700000000000000          000000000000000000000000000000000000000000000000  02000041
70000000000000000011550004665810115004DOC4896                  0046658100000049510000001   00000000000000 0106050619DOC4896                       050619000000031129903312572010606190000184000000000000000000000000000000000000000000000000000000000000000000000000000000000000000000000000000000000000000000000000000031129900000000000000          000000000000000000000000000000000000000000000000  02000042
70000000000000000011550004665810115004DOC4927                  0046658100000052610000001   00000000000000 0106050619DOC4927                       050619000000002000010404235010606190000184000000000000000000000000000000000000000000000000000000000000000000000000000000000000000000000000000000000000000000000000000002000000000000000000          000000000000000000000000000000000000000000000000  07000043
70000000000000000011550004665810115004NFSE4759                 0046658100000035810000001   00000000000000 0106050619NFSE4759                      100519000000003360010404235010606190000184000000000000000000000000000000000000000000000000000000000000000000000000000000000000000110800000000000000000000000000000000003470800000000000000          000000000000000000000000000000000000000000000000  07000044
70000000000000000011550004665810115004DOC5015                  0046658100000061410000001   00000000000000 0106050619DOC5015                       050619000000006000000102763010606190000184000000000000000000000000000000000000000000000000000000000000000000000000000000000000000000000000000000000000000000000000000006000000000000000000          000000000000000000000000000000000000000000000000  02000045
70000000000000000011550004665810115004DOC4984                  0046658100000058310000001   00000000000000 0106050619DOC4984                       050619000000005247000124953010606190000184000000000000000000000000000000000000000000000000000000000000000000000000000000000000000000000000000000000000000000000000000005247000000000000000          000000000000000000000000000000000000000000000000  02000046
70000000000000000011550004665810115004DOC4908                  0046658100000050710000001   00000000000000 0106050619DOC4908                       050619000000010609900124953010606190000184000000000000000000000000000000000000000000000000000000000000000000000000000000000000000000000000000000000000000000000000000010609900000000000000          000000000000000000000000000000000000000000000000  02000047
70000000000000000011550004665810115004DOC4950                  0046658100000054910000001   00000000000000 0106050619DOC4950                       050619000000004290000129823010606190000184000000000000000000000000000000000000000000000000000000000000000000000000000000000000000000000000000000000000000000000000000004290000000000000000          000000000000000000000000000000000000000000000000  02000048
70000000000000000011550004665810115004DOC4951                  0046658100000055010000001   00000000000000 0106050619DOC4951                       050619000000005247000153570010606190000184000000000000000000000000000000000000000000000000000000000000000000000000000000000000000000000000000000000000000000000000000005247000000000000000          000000000000000000000000000000000000000000000000  02000049
70000000000000000011550004665810115004DOC4905                  0046658100000050410000001   00000000000000 0106050619DOC4905                       050619000000012644500102763010606190000184000000000000000000000000000000000000000000000000000000000000000000000000000000000000000000000000000000000000000000000000000012644500000000000000          000000000000000000000000000000000000000000000000  02000050
70000000000000000011550004665810115004DOC4990                  0046658100000058910000001   00000000000000 0106050619DOC4990                       050619000000003500010404235010606190000184000000000000000000000000000000000000000000000000000000000000000000000000000000000000000000000000000000000000000000000000000003500000000000000000          000000000000000000000000000000000000000000000000  02000051
70000000000000000011550004665810115004DOC4860                  0046658100000045910000001   00000000000000 0106050619DOC4860                       050619000000005555010404235010606190000184000000000000000000000000000000000000000000000000000000000000000000000000000000000000000000000000000000000000000000000000000005555000000000000000          000000000000000000000000000000000000000000000000  02000052
70000000000000000011550004665810115004DOC4877                  0046658100000047610000001   00000000000000 0106050619DOC4877                       050619000000011109910404235010606190000184000000000000000000000000000000000000000000000000000000000000000000000000000000000000000000000000000000000000000000000000000011109900000000000000          000000000000000000000000000000000000000000000000  02000053
70000000000000000011550004665810115004DOC4979                  0046658100000057810000001   00000000000000 0106050619DOC4979                       050619000000005247008501066010606190000100000000000000000000000000000000000000000000000000000000000000000000000000000000000000000000000000000000000000000000000000000005247000000000000000          000000000000000000000000000000000000000000000000  02000054
70000000000000000011550004665810115004DOC4866                  0046658100000046510000001   00000000000000 0106050619DOC4866                       050619000000005775008501015010606190000100000000000000000000000000000000000000000000000000000000000000000000000000000000000000000000000000000000000000000000000000000005775000000000000000          000000000000000000000000000000000000000000000000  02000055
70000000000000000011550004665810115004DOC4955                  0046658100000055410000001   00000000000000 0106050619DOC4955                       050619000000004180008501015010606190000100000000000000000000000000000000000000000000000000000000000000000000000000000000000000000000000000000000000000000000000000000004180000000000000000          000000000000000000000000000000000000000000000000  02000056
9201001          000001610000002118776000000000          000000000000000000000000000000          000000000000000000000000000000          000000000000000000000000000000                                                  000000000000000000000000000000                                                                                                                                                   000057
