02RETORNO01COBRANCA       01155000490849000000PLANNER SOLUCOES EMPRESARIAIS 085COOPERATIVA DE 0706190000041                                          0115004                                                                                                                                                                                                                                              000001
70000000000000000011550004908490115004DOC1072                  0049084900000014010000001   00000000000000 0106060619DOC1072                       060619000000016576008511649010706190000184000000000000000000000000000000000000000000000000000000000000000000000000000000000000000000000000000000000000000000000000000016576000000000000000          000000000000000000000000000000000000000000000000  08000002
70000000000000000011550004908490115004DOC1069                  0049084900000013710000001   00000000000000 0106060619DOC1069                       050619000000013286000102763010706190000184000000000000000000000000000000000000000000000000000000000000000000000000000000000000000272300000000000000000000000000000000013558300000000000000          000000000000000000000000000000000000000000000000  02000003
70000000000000000011550004908490115004DOC1072                  0049084900000014010000000   00000000000000 0114060619DOC1072                       060619000000016576008501155010000000000100000000000000000000000000000000000000000000000000000000000000000000000000000000000000000000000000000000000000000000000000000000000000000000000000          000000000000000000000000000000000000000000000000  00000004
9201001          000000280000000503148500000000          000000000000000000000000000000          000000000000000000000000000000          000000000000000000000000000000                                                  000000000000000000000000000000                                                                                                                                                   000005
