02RETORNO01COBRANCA       01155000466581000000PLANNER CONTABILIDADE E AUDITO085COOPERATIVA DE 2707190000078                                          0115004                                                                                                                                                                                                                                              000001
70000000000000000011550004665810115004DOC5203                  0046658100000077610000000   00000000000000 0102260719DOC5203                       100819000000011406008501155010000000000000000000000000000000000000000000000000000000000000000000000000000000000000000000000000000000000000000000000000000000000000000000000000000000000000          000000000000000000000000000000000000000000000000  00000002
70000000000000000011550004665810115004DOC5204                  0046658100000077710000050   00000000000000 0102260719DOC5204                       050819000000012866608501155010000000000000000000000000000000000000000000000000000000000000000000000000000000000000000000000000000000000000000000000000000000000000000000000000000000000000          000000000000000000000000000000000000000000000000  00000003
70000000000000000011550004665810115004DOC5205                  0046658100000077810000000   00000000000000 0102260719DOC5205                       050819000000005315808501155010000000000000000000000000000000000000000000000000000000000000000000000000000000000000000000000000000000000000000000000000000000000000000000000000000000000000          000000000000000000000000000000000000000000000000  00000004
70000000000000000011550004665810115004DOC5206                  0046658100000077910000000   00000000000000 0102260719DOC5206                       050819000000005315808501155010000000000000000000000000000000000000000000000000000000000000000000000000000000000000000000000000000000000000000000000000000000000000000000000000000000000000          000000000000000000000000000000000000000000000000  00000005
70000000000000000011550004665810115004DOC5207                  0046658100000078010000050   00000000000000 0102260719DOC5207                       100819000000038274908501155010000000000000000000000000000000000000000000000000000000000000000000000000000000000000000000000000000000000000000000000000000000000000000000000000000000000000          000000000000000000000000000000000000000000000000  00000006
70000000000000000011550004665810115004DOC5208                  0046658100000078110000000   00000000000000 0102260719DOC5208                       100819000000006312508501155010000000000000000000000000000000000000000000000000000000000000000000000000000000000000000000000000000000000000000000000000000000000000000000000000000000000000          000000000000000000000000000000000000000000000000  00000007
70000000000000000011550004665810115004DOC5209                  0046658100000078210000000   00000000000000 0102260719DOC5209                       050819000000003448508501155010000000000000000000000000000000000000000000000000000000000000000000000000000000000000000000000000000000000000000000000000000000000000000000000000000000000000          000000000000000000000000000000000000000000000000  00000008
70000000000000000011550004665810115004DOC5210                  0046658100000078310000000   00000000000000 0102260719DOC5210                       100819000000001893808501155010000000000000000000000000000000000000000000000000000000000000000000000000000000000000000000000000000000000000000000000000000000000000000000000000000000000000          000000000000000000000000000000000000000000000000  00000009
70000000000000000011550004665810115004DOC5211                  0046658100000078410000050   00000000000000 0102260719DOC5211                       050819000000005555008501155010000000000000000000000000000000000000000000000000000000000000000000000000000000000000000000000000000000000000000000000000000000000000000000000000000000000000          000000000000000000000000000000000000000000000000  00000010
70000000000000000011550004665810115004DOC5212                  0046658100000078510000050   00000000000000 0102260719DOC5212                       100819000000016488208501155010000000000000000000000000000000000000000000000000000000000000000000000000000000000000000000000000000000000000000000000000000000000000000000000000000000000000          000000000000000000000000000000000000000000000000  00000011
70000000000000000011550004665810115004DOC5213                  0046658100000078610000050   00000000000000 0102260719DOC5213                       100819000000016478008501155010000000000000000000000000000000000000000000000000000000000000000000000000000000000000000000000000000000000000000000000000000000000000000000000000000000000000          000000000000000000000000000000000000000000000000  00000012
70000000000000000011550004665810115004DOC5214                  0046658100000078710000050   00000000000000 0102260719DOC5214                       050819000000015150008501155010000000000000000000000000000000000000000000000000000000000000000000000000000000000000000000000000000000000000000000000000000000000000000000000000000000000000          000000000000000000000000000000000000000000000000  00000013
70000000000000000011550004665810115004DOC5215                  0046658100000078810000000   00000000000000 0102260719DOC5215                       050819000000005065208501155010000000000000000000000000000000000000000000000000000000000000000000000000000000000000000000000000000000000000000000000000000000000000000000000000000000000000          000000000000000000000000000000000000000000000000  00000014
70000000000000000011550004665810115004DOC5216                  0046658100000078910000000   00000000000000 0102260719DOC5216                       100819000000003669208501155010000000000000000000000000000000000000000000000000000000000000000000000000000000000000000000000000000000000000000000000000000000000000000000000000000000000000          000000000000000000000000000000000000000000000000  00000015
70000000000000000011550004665810115004DOC5217                  0046658100000079010000050   00000000000000 0102260719DOC5217                       050819000000005775008501155010000000000000000000000000000000000000000000000000000000000000000000000000000000000000000000000000000000000000000000000000000000000000000000000000000000000000          000000000000000000000000000000000000000000000000  00000016
70000000000000000011550004665810115004DOC5218                  0046658100000079110000000   00000000000000 0102260719DOC5218                       050819000000005775008501155010000000000000000000000000000000000000000000000000000000000000000000000000000000000000000000000000000000000000000000000000000000000000000000000000000000000000          000000000000000000000000000000000000000000000000  00000017
70000000000000000011550004665810115004DOC5219                  0046658100000079210000000   00000000000000 0102260719DOC5219                       150819000000016412408501155010000000000000000000000000000000000000000000000000000000000000000000000000000000000000000000000000000000000000000000000000000000000000000000000000000000000000          000000000000000000000000000000000000000000000000  00000018
70000000000000000011550004665810115004DOC5220                  0046658100000079310000000   00000000000000 0102260719DOC5220                       080819000000015943508501155010000000000000000000000000000000000000000000000000000000000000000000000000000000000000000000000000000000000000000000000000000000000000000000000000000000000000          000000000000000000000000000000000000000000000000  00000019
70000000000000000011550004665810115004DOC5221                  0046658100000079410000050   00000000000000 0102260719DOC5221                       100819000000011109908501155010000000000000000000000000000000000000000000000000000000000000000000000000000000000000000000000000000000000000000000000000000000000000000000000000000000000000          000000000000000000000000000000000000000000000000  00000020
70000000000000000011550004665810115004DOC5222                  0046658100000079510000050   00000000000000 0102260719DOC5222                       050819000000035281008501155010000000000000000000000000000000000000000000000000000000000000000000000000000000000000000000000000000000000000000000000000000000000000000000000000000000000000          000000000000000000000000000000000000000000000000  00000021
70000000000000000011550004665810115004DOC5223                  0046658100000079610000000   00000000000000 0102260719DOC5223                       150819000000004180008501155010000000000000000000000000000000000000000000000000000000000000000000000000000000000000000000000000000000000000000000000000000000000000000000000000000000000000          000000000000000000000000000000000000000000000000  00000022
70000000000000000011550004665810115004DOC5224                  0046658100000079710000000   00000000000000 0102260719DOC5224                       050819000000015374908501155010000000000000000000000000000000000000000000000000000000000000000000000000000000000000000000000000000000000000000000000000000000000000000000000000000000000000          000000000000000000000000000000000000000000000000  00000023
70000000000000000011550004665810115004DOC5225                  0046658100000079810000050   00000000000000 0102260719DOC5225                       200819000000010731308501155010000000000000000000000000000000000000000000000000000000000000000000000000000000000000000000000000000000000000000000000000000000000000000000000000000000000000          000000000000000000000000000000000000000000000000  00000024
70000000000000000011550004665810115004DOC5226                  0046658100000079910000050   00000000000000 0102260719DOC5226                       150819000000004156308501155010000000000000000000000000000000000000000000000000000000000000000000000000000000000000000000000000000000000000000000000000000000000000000000000000000000000000          000000000000000000000000000000000000000000000000  00000025
70000000000000000011550004665810115004DOC5227                  0046658100000080010000000   00000000000000 0102260719DOC5227                       050819000000062912408501155010000000000000000000000000000000000000000000000000000000000000000000000000000000000000000000000000000000000000000000000000000000000000000000000000000000000000          000000000000000000000000000000000000000000000000  00000026
70000000000000000011550004665810115004DOC5228                  0046658100000080110000000   00000000000000 0102260719DOC5228                       050819000000011109908501155010000000000000000000000000000000000000000000000000000000000000000000000000000000000000000000000000000000000000000000000000000000000000000000000000000000000000          000000000000000000000000000000000000000000000000  00000027
70000000000000000011550004665810115004DOC5229                  0046658100000080210000000   00000000000000 0102260719DOC5229                       050819000000003156308501155010000000000000000000000000000000000000000000000000000000000000000000000000000000000000000000000000000000000000000000000000000000000000000000000000000000000000          000000000000000000000000000000000000000000000000  00000028
70000000000000000011550004665810115004DOC5230                  0046658100000080310000000   00000000000000 0102260719DOC5230                       200819000000005747508501155010000000000000000000000000000000000000000000000000000000000000000000000000000000000000000000000000000000000000000000000000000000000000000000000000000000000000          000000000000000000000000000000000000000000000000  00000029
70000000000000000011550004665810115004DOC5231                  0046658100000080410000050   00000000000000 0102260719DOC5231                       120819000000021300008501155010000000000000000000000000000000000000000000000000000000000000000000000000000000000000000000000000000000000000000000000000000000000000000000000000000000000000          000000000000000000000000000000000000000000000000  00000030
70000000000000000011550004665810115004DOC5232                  0046658100000080510000000   00000000000000 0102260719DOC5232                       120819000000006897008501155010000000000000000000000000000000000000000000000000000000000000000000000000000000000000000000000000000000000000000000000000000000000000000000000000000000000000          000000000000000000000000000000000000000000000000  00000031
70000000000000000011550004665810115004DOC5233                  0046658100000080610000000   00000000000000 0102260719DOC5233                       100819000000011109908501155010000000000000000000000000000000000000000000000000000000000000000000000000000000000000000000000000000000000000000000000000000000000000000000000000000000000000          000000000000000000000000000000000000000000000000  00000032
70000000000000000011550004665810115004DOC5234                  0046658100000080710000000   00000000000000 0102260719DOC5234                       100819000000025342908501155010000000000000000000000000000000000000000000000000000000000000000000000000000000000000000000000000000000000000000000000000000000000000000000000000000000000000          000000000000000000000000000000000000000000000000  00000033
70000000000000000011550004665810115004DOC5235                  0046658100000080810000000   00000000000000 0102260719DOC5235                       100819000000002124308501155010000000000000000000000000000000000000000000000000000000000000000000000000000000000000000000000000000000000000000000000000000000000000000000000000000000000000          000000000000000000000000000000000000000000000000  00000034
70000000000000000011550004665810115004DOC5236                  0046658100000080910000050   00000000000000 0102260719DOC5236                       100819000000004686008501155010000000000000000000000000000000000000000000000000000000000000000000000000000000000000000000000000000000000000000000000000000000000000000000000000000000000000          000000000000000000000000000000000000000000000000  00000035
70000000000000000011550004665810115004DOC5237                  0046658100000081010000050   00000000000000 0102260719DOC5237                       050819000000005500008501155010000000000000000000000000000000000000000000000000000000000000000000000000000000000000000000000000000000000000000000000000000000000000000000000000000000000000          000000000000000000000000000000000000000000000000  00000036
70000000000000000011550004665810115004DOC5238                  0046658100000081110000000   00000000000000 0102260719DOC5238                       150819000000002811908501155010000000000000000000000000000000000000000000000000000000000000000000000000000000000000000000000000000000000000000000000000000000000000000000000000000000000000          000000000000000000000000000000000000000000000000  00000037
70000000000000000011550004665810115004DOC5239                  0046658100000081210000000   00000000000000 0102260719DOC5239                       100819000000003787508501155010000000000000000000000000000000000000000000000000000000000000000000000000000000000000000000000000000000000000000000000000000000000000000000000000000000000000          000000000000000000000000000000000000000000000000  00000038
70000000000000000011550004665810115004DOC5240                  0046658100000081310000000   00000000000000 0102260719DOC5240                       100819000000002000008501155010000000000000000000000000000000000000000000000000000000000000000000000000000000000000000000000000000000000000000000000000000000000000000000000000000000000000          000000000000000000000000000000000000000000000000  00000039
70000000000000000011550004665810115004DOC5241                  0046658100000081410000000   00000000000000 0102260719DOC5241                       100819000000001009908501155010000000000000000000000000000000000000000000000000000000000000000000000000000000000000000000000000000000000000000000000000000000000000000000000000000000000000          000000000000000000000000000000000000000000000000  00000040
70000000000000000011550004665810115004DOC5242                  0046658100000081510000000   00000000000000 0102260719DOC5242                       200819000000010731308501155010000000000000000000000000000000000000000000000000000000000000000000000000000000000000000000000000000000000000000000000000000000000000000000000000000000000000          000000000000000000000000000000000000000000000000  00000041
70000000000000000011550004665810115004DOC5243                  0046658100000081610000000   00000000000000 0102260719DOC5243                       200819000000001262508501155010000000000000000000000000000000000000000000000000000000000000000000000000000000000000000000000000000000000000000000000000000000000000000000000000000000000000          000000000000000000000000000000000000000000000000  00000042
70000000000000000011550004665810115004DOC5244                  0046658100000081710000000   00000000000000 0102260719DOC5244                       100819000000001724308501155010000000000000000000000000000000000000000000000000000000000000000000000000000000000000000000000000000000000000000000000000000000000000000000000000000000000000          000000000000000000000000000000000000000000000000  00000043
70000000000000000011550004665810115004DOC5245                  0046658100000081810000050   00000000000000 0102260719DOC5245                       100819000000011000008501155010000000000000000000000000000000000000000000000000000000000000000000000000000000000000000000000000000000000000000000000000000000000000000000000000000000000000          000000000000000000000000000000000000000000000000  00000044
70000000000000000011550004665810115004DOC5246                  0046658100000081910000050   00000000000000 0102260719DOC5246                       050819000000006862508501155010000000000000000000000000000000000000000000000000000000000000000000000000000000000000000000000000000000000000000000000000000000000000000000000000000000000000          000000000000000000000000000000000000000000000000  00000045
70000000000000000011550004665810115004DOC5247                  0046658100000082010000050   00000000000000 0102260719DOC5247                       050819000000031129908501155010000000000000000000000000000000000000000000000000000000000000000000000000000000000000000000000000000000000000000000000000000000000000000000000000000000000000          000000000000000000000000000000000000000000000000  00000046
70000000000000000011550004665810115004DOC5248                  0046658100000082110000000   00000000000000 0102260719DOC5248                       050819000000002873808501155010000000000000000000000000000000000000000000000000000000000000000000000000000000000000000000000000000000000000000000000000000000000000000000000000000000000000          000000000000000000000000000000000000000000000000  00000047
70000000000000000011550004665810115004DOC5249                  0046658100000082210000000   00000000000000 0102260719DOC5249                       050819000000007568008501155010000000000000000000000000000000000000000000000000000000000000000000000000000000000000000000000000000000000000000000000000000000000000000000000000000000000000          000000000000000000000000000000000000000000000000  00000048
70000000000000000011550004665810115004DOC5250                  0046658100000082310000000   00000000000000 0102260719DOC5250                       150819000000002777508501155010000000000000000000000000000000000000000000000000000000000000000000000000000000000000000000000000000000000000000000000000000000000000000000000000000000000000          000000000000000000000000000000000000000000000000  00000049
70000000000000000011550004665810115004DOC5251                  0046658100000082410000000   00000000000000 0102260719DOC5251                       150819000000002777508501155010000000000000000000000000000000000000000000000000000000000000000000000000000000000000000000000000000000000000000000000000000000000000000000000000000000000000          000000000000000000000000000000000000000000000000  00000050
70000000000000000011550004665810115004DOC5252                  0046658100000082510000050   00000000000000 0102260719DOC5252                       050819000000011322508501155010000000000000000000000000000000000000000000000000000000000000000000000000000000000000000000000000000000000000000000000000000000000000000000000000000000000000          000000000000000000000000000000000000000000000000  00000051
70000000000000000011550004665810115004DOC5253                  0046658100000082610000050   00000000000000 0102260719DOC5253                       100819000000010494008501155010000000000000000000000000000000000000000000000000000000000000000000000000000000000000000000000000000000000000000000000000000000000000000000000000000000000000          000000000000000000000000000000000000000000000000  00000052
70000000000000000011550004665810115004DOC5254                  0046658100000082710000050   00000000000000 0102260719DOC5254                       100819000000005057808501155010000000000000000000000000000000000000000000000000000000000000000000000000000000000000000000000000000000000000000000000000000000000000000000000000000000000000          000000000000000000000000000000000000000000000000  00000053
70000000000000000011550004665810115004DOC5255                  0046658100000082810000050   00000000000000 0102260719DOC5255                       050819000000004023308501155010000000000000000000000000000000000000000000000000000000000000000000000000000000000000000000000000000000000000000000000000000000000000000000000000000000000000          000000000000000000000000000000000000000000000000  00000054
70000000000000000011550004665810115004DOC5256                  0046658100000082910000050   00000000000000 0102260719DOC5256                       050819000000012644508501155010000000000000000000000000000000000000000000000000000000000000000000000000000000000000000000000000000000000000000000000000000000000000000000000000000000000000          000000000000000000000000000000000000000000000000  00000055
70000000000000000011550004665810115004DOC5257                  0046658100000083010000050   00000000000000 0102260719DOC5257                       050819000000004686008501155010000000000000000000000000000000000000000000000000000000000000000000000000000000000000000000000000000000000000000000000000000000000000000000000000000000000000          000000000000000000000000000000000000000000000000  00000056
70000000000000000011550004665810115004DOC5258                  0046658100000083110000000   00000000000000 0102260719DOC5258                       100819000000010609908501155010000000000000000000000000000000000000000000000000000000000000000000000000000000000000000000000000000000000000000000000000000000000000000000000000000000000000          000000000000000000000000000000000000000000000000  00000057
70000000000000000011550004665810115004DOC5259                  0046658100000083210000050   00000000000000 0102260719DOC5259                       050819000000010609908501155010000000000000000000000000000000000000000000000000000000000000000000000000000000000000000000000000000000000000000000000000000000000000000000000000000000000000          000000000000000000000000000000000000000000000000  00000058
70000000000000000011550004665810115004DOC5260                  0046658100000083310000000   00000000000000 0102260719DOC5260                       050819000000003448508501155010000000000000000000000000000000000000000000000000000000000000000000000000000000000000000000000000000000000000000000000000000000000000000000000000000000000000          000000000000000000000000000000000000000000000000  00000059
70000000000000000011550004665810115004DOC5261                  0046658100000083410000050   00000000000000 0102260719DOC5261                       050819000000002873808501155010000000000000000000000000000000000000000000000000000000000000000000000000000000000000000000000000000000000000000000000000000000000000000000000000000000000000          000000000000000000000000000000000000000000000000  00000060
70000000000000000011550004665810115004DOC5262                  0046658100000083510000000   00000000000000 0102260719DOC5262                       150819000000002873808501155010000000000000000000000000000000000000000000000000000000000000000000000000000000000000000000000000000000000000000000000000000000000000000000000000000000000000          000000000000000000000000000000000000000000000000  00000061
70000000000000000011550004665810115004DOC5263                  0046658100000083610000000   00000000000000 0102260719DOC5263                       100819000000005385408501155010000000000000000000000000000000000000000000000000000000000000000000000000000000000000000000000000000000000000000000000000000000000000000000000000000000000000          000000000000000000000000000000000000000000000000  00000062
70000000000000000011550004665810115004DOC5264                  0046658100000083710000000   00000000000000 0102260719DOC5264                       150819000000001724308501155010000000000000000000000000000000000000000000000000000000000000000000000000000000000000000000000000000000000000000000000000000000000000000000000000000000000000          000000000000000000000000000000000000000000000000  00000063
70000000000000000011550004665810115004DOC5265                  0046658100000083810000050   00000000000000 0102260719DOC5265                       050819000000018910008501155010000000000000000000000000000000000000000000000000000000000000000000000000000000000000000000000000000000000000000000000000000000000000000000000000000000000000          000000000000000000000000000000000000000000000000  00000064
70000000000000000011550004665810115004DOC5266                  0046658100000083910000000   00000000000000 0102260719DOC5266                       050819000000002873808501155010000000000000000000000000000000000000000000000000000000000000000000000000000000000000000000000000000000000000000000000000000000000000000000000000000000000000          000000000000000000000000000000000000000000000000  00000065
70000000000000000011550004665810115004DOC5267                  0046658100000084010000000   00000000000000 0102260719DOC5267                       050819000000005211708501155010000000000000000000000000000000000000000000000000000000000000000000000000000000000000000000000000000000000000000000000000000000000000000000000000000000000000          000000000000000000000000000000000000000000000000  00000066
70000000000000000011550004665810115004DOC5268                  0046658100000084110000000   00000000000000 0102260719DOC5268                       120819000000002299008501155010000000000000000000000000000000000000000000000000000000000000000000000000000000000000000000000000000000000000000000000000000000000000000000000000000000000000          000000000000000000000000000000000000000000000000  00000067
70000000000000000011550004665810115004DOC5269                  0046658100000084210000050   00000000000000 0102260719DOC5269                       050819000000005172808501155010000000000000000000000000000000000000000000000000000000000000000000000000000000000000000000000000000000000000000000000000000000000000000000000000000000000000          000000000000000000000000000000000000000000000000  00000068
70000000000000000011550004665810115004DOC5270                  0046658100000084310000000   00000000000000 0102260719DOC5270                       050819000000009196008501155010000000000000000000000000000000000000000000000000000000000000000000000000000000000000000000000000000000000000000000000000000000000000000000000000000000000000          000000000000000000000000000000000000000000000000  00000069
70000000000000000011550004665810115004DOC5271                  0046658100000084410000000   00000000000000 0102260719DOC5271                       050819000000002873808501155010000000000000000000000000000000000000000000000000000000000000000000000000000000000000000000000000000000000000000000000000000000000000000000000000000000000000          000000000000000000000000000000000000000000000000  00000070
70000000000000000011550004665810115004DOC5272                  0046658100000084510000000   00000000000000 0102260719DOC5272                       050819000000002241408501155010000000000000000000000000000000000000000000000000000000000000000000000000000000000000000000000000000000000000000000000000000000000000000000000000000000000000          000000000000000000000000000000000000000000000000  00000071
70000000000000000011550004665810115004DOC5273                  0046658100000084610000000   00000000000000 0102260719DOC5273                       150819000000009523308501155010000000000000000000000000000000000000000000000000000000000000000000000000000000000000000000000000000000000000000000000000000000000000000000000000000000000000          000000000000000000000000000000000000000000000000  00000072
70000000000000000011550004665810115004DOC5274                  0046658100000084710000050   00000000000000 0102260719DOC5274                       050819000000001149508501155010000000000000000000000000000000000000000000000000000000000000000000000000000000000000000000000000000000000000000000000000000000000000000000000000000000000000          000000000000000000000000000000000000000000000000  00000073
70000000000000000011550004665810115004DOC5275                  0046658100000084810000000   00000000000000 0102260719DOC5275                       050819000000021941608501155010000000000000000000000000000000000000000000000000000000000000000000000000000000000000000000000000000000000000000000000000000000000000000000000000000000000000          000000000000000000000000000000000000000000000000  00000074
70000000000000000011550004665810115004DOC5276                  0046658100000084910000000   00000000000000 0102260719DOC5276                       050819000000002000008501155010000000000000000000000000000000000000000000000000000000000000000000000000000000000000000000000000000000000000000000000000000000000000000000000000000000000000          000000000000000000000000000000000000000000000000  00000075
70000000000000000011550004665810115004DOC5277                  0046658100000085010000050   00000000000000 0102260719DOC5277                       050819000000001149508501155010000000000000000000000000000000000000000000000000000000000000000000000000000000000000000000000000000000000000000000000000000000000000000000000000000000000000          000000000000000000000000000000000000000000000000  00000076
70000000000000000011550004665810115004DOC5278                  0046658100000085110000000   00000000000000 0102260719DOC5278                       150819000000001668708501155010000000000000000000000000000000000000000000000000000000000000000000000000000000000000000000000000000000000000000000000000000000000000000000000000000000000000          000000000000000000000000000000000000000000000000  00000077
70000000000000000011550004665810115004DOC5279                  0046658100000085210000000   00000000000000 0102260719DOC5279                       050819000000004400008501155010000000000000000000000000000000000000000000000000000000000000000000000000000000000000000000000000000000000000000000000000000000000000000000000000000000000000          000000000000000000000000000000000000000000000000  00000078
70000000000000000011550004665810115004DOC5280                  0046658100000085310000000   00000000000000 0102260719DOC5280                       050819000000007700008501155010000000000000000000000000000000000000000000000000000000000000000000000000000000000000000000000000000000000000000000000000000000000000000000000000000000000000          000000000000000000000000000000000000000000000000  00000079
70000000000000000011550004665810115004DOC5281                  0046658100000085410000000   00000000000000 0102260719DOC5281                       050819000000013700008501155010000000000000000000000000000000000000000000000000000000000000000000000000000000000000000000000000000000000000000000000000000000000000000000000000000000000000          000000000000000000000000000000000000000000000000  00000080
70000000000000000011550004665810115004DOC5282                  0046658100000085510000000   00000000000000 0102260719DOC5282                       050819000000011000008501155010000000000000000000000000000000000000000000000000000000000000000000000000000000000000000000000000000000000000000000000000000000000000000000000000000000000000          000000000000000000000000000000000000000000000000  00000081
70000000000000000011550004665810115004DOC5283                  0046658100000085610000000   00000000000000 0102260719DOC5283                       050819000000004400008501155010000000000000000000000000000000000000000000000000000000000000000000000000000000000000000000000000000000000000000000000000000000000000000000000000000000000000          000000000000000000000000000000000000000000000000  00000082
70000000000000000011550004665810115004DOC5284                  0046658100000085710000000   00000000000000 0102260719DOC5284                       150819000000006150008501155010000000000000000000000000000000000000000000000000000000000000000000000000000000000000000000000000000000000000000000000000000000000000000000000000000000000000          000000000000000000000000000000000000000000000000  00000083
70000000000000000011550004665810115004DOC5285                  0046658100000085810000050   00000000000000 0102260719DOC5285                       050819000000003300008501155010000000000000000000000000000000000000000000000000000000000000000000000000000000000000000000000000000000000000000000000000000000000000000000000000000000000000          000000000000000000000000000000000000000000000000  00000084
70000000000000000011550004665810115004DOC5286                  0046658100000085910000050   00000000000000 0102260719DOC5286                       120819000000001100008501155010000000000000000000000000000000000000000000000000000000000000000000000000000000000000000000000000000000000000000000000000000000000000000000000000000000000000          000000000000000000000000000000000000000000000000  00000085
70000000000000000011550004665810115004DOC5287                  0046658100000086010000000   00000000000000 0102260719DOC5287                       050819000000013200008501155010000000000000000000000000000000000000000000000000000000000000000000000000000000000000000000000000000000000000000000000000000000000000000000000000000000000000          000000000000000000000000000000000000000000000000  00000086
70000000000000000011550004665810115004DOC5288                  0046658100000086110000050   00000000000000 0102260719DOC5288                       050819000000015000008501155010000000000000000000000000000000000000000000000000000000000000000000000000000000000000000000000000000000000000000000000000000000000000000000000000000000000000          000000000000000000000000000000000000000000000000  00000087
70000000000000000011550004665810115004DOC5289                  0046658100000086210000000   00000000000000 0102260719DOC5289                       050819000000022500008501155010000000000000000000000000000000000000000000000000000000000000000000000000000000000000000000000000000000000000000000000000000000000000000000000000000000000000          000000000000000000000000000000000000000000000000  00000088
70000000000000000011550004665810115004DOC5290                  0046658100000086310000050   00000000000000 0102260719DOC5290                       050819000000007500008501155010000000000000000000000000000000000000000000000000000000000000000000000000000000000000000000000000000000000000000000000000000000000000000000000000000000000000          000000000000000000000000000000000000000000000000  00000089
70000000000000000011550004665810115004DOC5291                  0046658100000086410000000   00000000000000 0102260719DOC5291                       050819000000005775008501155010000000000000000000000000000000000000000000000000000000000000000000000000000000000000000000000000000000000000000000000000000000000000000000000000000000000000          000000000000000000000000000000000000000000000000  00000090
70000000000000000011550004665810115004DOC5292                  0046658100000086510000000   00000000000000 0102260719DOC5292                       100819000000002750008501155010000000000000000000000000000000000000000000000000000000000000000000000000000000000000000000000000000000000000000000000000000000000000000000000000000000000000          000000000000000000000000000000000000000000000000  00000091
70000000000000000011550004665810115004DOC5293                  0046658100000086610000000   00000000000000 0102260719DOC5293                       050819000000008000008501155010000000000000000000000000000000000000000000000000000000000000000000000000000000000000000000000000000000000000000000000000000000000000000000000000000000000000          000000000000000000000000000000000000000000000000  00000092
70000000000000000011550004665810115004DOC5294                  0046658100000086710000000   00000000000000 0102260719DOC5294                       100819000000001980008501155010000000000000000000000000000000000000000000000000000000000000000000000000000000000000000000000000000000000000000000000000000000000000000000000000000000000000          000000000000000000000000000000000000000000000000  00000093
70000000000000000011550004665810115004DOC5295                  0046658100000086810000000   00000000000000 0102260719DOC5295                       050819000000005140008501155010000000000000000000000000000000000000000000000000000000000000000000000000000000000000000000000000000000000000000000000000000000000000000000000000000000000000          000000000000000000000000000000000000000000000000  00000094
70000000000000000011550004665810115004DOC5296                  0046658100000086910000050   00000000000000 0102260719DOC5296                       050819000000011200008501155010000000000000000000000000000000000000000000000000000000000000000000000000000000000000000000000000000000000000000000000000000000000000000000000000000000000000          000000000000000000000000000000000000000000000000  00000095
70000000000000000011550004665810115004DOC5297                  0046658100000087010000000   00000000000000 0102260719DOC5297                       050819000000002750008501155010000000000000000000000000000000000000000000000000000000000000000000000000000000000000000000000000000000000000000000000000000000000000000000000000000000000000          000000000000000000000000000000000000000000000000  00000096
70000000000000000011550004665810115004DOC5298                  0046658100000087110000000   00000000000000 0102260719DOC5298                       050819000000004290008501155010000000000000000000000000000000000000000000000000000000000000000000000000000000000000000000000000000000000000000000000000000000000000000000000000000000000000          000000000000000000000000000000000000000000000000  00000097
70000000000000000011550004665810115004DOC5299                  0046658100000087210000000   00000000000000 0102260719DOC5299                       050819000000005247008501155010000000000000000000000000000000000000000000000000000000000000000000000000000000000000000000000000000000000000000000000000000000000000000000000000000000000000          000000000000000000000000000000000000000000000000  00000098
70000000000000000011550004665810115004DOC5300                  0046658100000087310000000   00000000000000 0102260719DOC5300                       050819000000006050008501155010000000000000000000000000000000000000000000000000000000000000000000000000000000000000000000000000000000000000000000000000000000000000000000000000000000000000          000000000000000000000000000000000000000000000000  00000099
70000000000000000011550004665810115004DOC5301                  0046658100000087410000000   00000000000000 0102260719DOC5301                       200819000000002750008501155010000000000000000000000000000000000000000000000000000000000000000000000000000000000000000000000000000000000000000000000000000000000000000000000000000000000000          000000000000000000000000000000000000000000000000  00000100
70000000000000000011550004665810115004DOC5302                  0046658100000087510000000   00000000000000 0102260719DOC5302                       050819000000004750008501155010000000000000000000000000000000000000000000000000000000000000000000000000000000000000000000000000000000000000000000000000000000000000000000000000000000000000          000000000000000000000000000000000000000000000000  00000101
70000000000000000011550004665810115004DOC5303                  0046658100000087610000000   00000000000000 0102260719DOC5303                       050819000000004180008501155010000000000000000000000000000000000000000000000000000000000000000000000000000000000000000000000000000000000000000000000000000000000000000000000000000000000000          000000000000000000000000000000000000000000000000  00000102
70000000000000000011550004665810115004DOC5304                  0046658100000087710000050   00000000000000 0102260719DOC5304                       050819000000003300008501155010000000000000000000000000000000000000000000000000000000000000000000000000000000000000000000000000000000000000000000000000000000000000000000000000000000000000          000000000000000000000000000000000000000000000000  00000103
70000000000000000011550004665810115004DOC5305                  0046658100000087810000050   00000000000000 0102260719DOC5305                       120819000000002750008501155010000000000000000000000000000000000000000000000000000000000000000000000000000000000000000000000000000000000000000000000000000000000000000000000000000000000000          000000000000000000000000000000000000000000000000  00000104
70000000000000000011550004665810115004DOC5306                  0046658100000087910000000   00000000000000 0102260719DOC5306                       150819000000022150008501155010000000000000000000000000000000000000000000000000000000000000000000000000000000000000000000000000000000000000000000000000000000000000000000000000000000000000          000000000000000000000000000000000000000000000000  00000105
70000000000000000011550004665810115004DOC5307                  0046658100000088010000000   00000000000000 0102260719DOC5307                       050819000000002200008501155010000000000000000000000000000000000000000000000000000000000000000000000000000000000000000000000000000000000000000000000000000000000000000000000000000000000000          000000000000000000000000000000000000000000000000  00000106
70000000000000000011550004665810115004DOC5308                  0046658100000088110000000   00000000000000 0102260719DOC5308                       050819000000021700008501155010000000000000000000000000000000000000000000000000000000000000000000000000000000000000000000000000000000000000000000000000000000000000000000000000000000000000          000000000000000000000000000000000000000000000000  00000107
70000000000000000011550004665810115004DOC5309                  0046658100000088210000050   00000000000000 0102260719DOC5309                       050819000000001980008501155010000000000000000000000000000000000000000000000000000000000000000000000000000000000000000000000000000000000000000000000000000000000000000000000000000000000000          000000000000000000000000000000000000000000000000  00000108
70000000000000000011550004665810115004DOC5310                  0046658100000088310000000   00000000000000 0102260719DOC5310                       050819000000001650008501155010000000000000000000000000000000000000000000000000000000000000000000000000000000000000000000000000000000000000000000000000000000000000000000000000000000000000          000000000000000000000000000000000000000000000000  00000109
70000000000000000011550004665810115004DOC5311                  0046658100000088410000000   00000000000000 0102260719DOC5311                       130819000000002200008501155010000000000000000000000000000000000000000000000000000000000000000000000000000000000000000000000000000000000000000000000000000000000000000000000000000000000000          000000000000000000000000000000000000000000000000  00000110
70000000000000000011550004665810115004DOC5312                  0046658100000088510000000   00000000000000 0102260719DOC5312                       050819000000001100008501155010000000000000000000000000000000000000000000000000000000000000000000000000000000000000000000000000000000000000000000000000000000000000000000000000000000000000          000000000000000000000000000000000000000000000000  00000111
70000000000000000011550004665810115004DOC5313                  0046658100000088610000050   00000000000000 0102260719DOC5313                       050819000000003300008501155010000000000000000000000000000000000000000000000000000000000000000000000000000000000000000000000000000000000000000000000000000000000000000000000000000000000000          000000000000000000000000000000000000000000000000  00000112
70000000000000000011550004665810115004DOC5314                  0046658100000088710000000   00000000000000 0102260719DOC5314                       050819000000002750008501155010000000000000000000000000000000000000000000000000000000000000000000000000000000000000000000000000000000000000000000000000000000000000000000000000000000000000          000000000000000000000000000000000000000000000000  00000113
70000000000000000011550004665810115004DOC5315                  0046658100000088810000000   00000000000000 0102260719DOC5315                       050819000000000990008501155010000000000000000000000000000000000000000000000000000000000000000000000000000000000000000000000000000000000000000000000000000000000000000000000000000000000000          000000000000000000000000000000000000000000000000  00000114
70000000000000000011550004665810115004DOC5316                  0046658100000088910000050   00000000000000 0102260719DOC5316                       120819000000011000008501155010000000000000000000000000000000000000000000000000000000000000000000000000000000000000000000000000000000000000000000000000000000000000000000000000000000000000          000000000000000000000000000000000000000000000000  00000115
70000000000000000011550004665810115004DOC5317                  0046658100000089010000000   00000000000000 0102260719DOC5317                       050819000000000800008501155010000000000000000000000000000000000000000000000000000000000000000000000000000000000000000000000000000000000000000000000000000000000000000000000000000000000000          000000000000000000000000000000000000000000000000  00000116
70000000000000000011550004665810115004DOC5318                  0046658100000089110000000   00000000000000 0102260719DOC5318                       050819000000033000008501155010000000000000000000000000000000000000000000000000000000000000000000000000000000000000000000000000000000000000000000000000000000000000000000000000000000000000          000000000000000000000000000000000000000000000000  00000117
70000000000000000011550004665810115004DOC5319                  0046658100000089210000000   00000000000000 0102260719DOC5319                       100819000000003850008501155010000000000000000000000000000000000000000000000000000000000000000000000000000000000000000000000000000000000000000000000000000000000000000000000000000000000000          000000000000000000000000000000000000000000000000  00000118
70000000000000000011550004665810115004DOC5320                  0046658100000089310000050   00000000000000 0102260719DOC5320                       100819000000015025508501155010000000000000000000000000000000000000000000000000000000000000000000000000000000000000000000000000000000000000000000000000000000000000000000000000000000000000          000000000000000000000000000000000000000000000000  00000119
70000000000000000011550004665810115004DOC5321                  0046658100000089410000000   00000000000000 0102260719DOC5321                       100819000000002750008501155010000000000000000000000000000000000000000000000000000000000000000000000000000000000000000000000000000000000000000000000000000000000000000000000000000000000000          000000000000000000000000000000000000000000000000  00000120
70000000000000000011550004665810115004DOC5322                  0046658100000089510000000   00000000000000 0102260719DOC5322                       100819000000001320008501155010000000000000000000000000000000000000000000000000000000000000000000000000000000000000000000000000000000000000000000000000000000000000000000000000000000000000          000000000000000000000000000000000000000000000000  00000121
70000000000000000011550004665810115004DOC5323                  0046658100000089610000050   00000000000000 0102260719DOC5323                       100819000000020455608501155010000000000000000000000000000000000000000000000000000000000000000000000000000000000000000000000000000000000000000000000000000000000000000000000000000000000000          000000000000000000000000000000000000000000000000  00000122
70000000000000000011550004665810115004DOC5324                  0046658100000089710000050   00000000000000 0102260719DOC5324                       050819000000004950008501155010000000000000000000000000000000000000000000000000000000000000000000000000000000000000000000000000000000000000000000000000000000000000000000000000000000000000          000000000000000000000000000000000000000000000000  00000123
70000000000000000011550004665810115004DOC5325                  0046658100000089810000000   00000000000000 0102260719DOC5325                       050819000000005247008501155010000000000000000000000000000000000000000000000000000000000000000000000000000000000000000000000000000000000000000000000000000000000000000000000000000000000000          000000000000000000000000000000000000000000000000  00000124
70000000000000000011550004665810115004DOC5326                  0046658100000089910000000   00000000000000 0102260719DOC5326                       050819000000003000008501155010000000000000000000000000000000000000000000000000000000000000000000000000000000000000000000000000000000000000000000000000000000000000000000000000000000000000          000000000000000000000000000000000000000000000000  00000125
70000000000000000011550004665810115004DOC5327                  0046658100000090010000000   00000000000000 0102260719DOC5327                       050819000000002750008501155010000000000000000000000000000000000000000000000000000000000000000000000000000000000000000000000000000000000000000000000000000000000000000000000000000000000000          000000000000000000000000000000000000000000000000  00000126
70000000000000000011550004665810115004DOC5328                  0046658100000090110000000   00000000000000 0102260719DOC5328                       050819000000002200008501155010000000000000000000000000000000000000000000000000000000000000000000000000000000000000000000000000000000000000000000000000000000000000000000000000000000000000          000000000000000000000000000000000000000000000000  00000127
70000000000000000011550004665810115004DOC5329                  0046658100000090210000050   00000000000000 0102260719DOC5329                       050819000000005247008501155010000000000000000000000000000000000000000000000000000000000000000000000000000000000000000000000000000000000000000000000000000000000000000000000000000000000000          000000000000000000000000000000000000000000000000  00000128
70000000000000000011550004665810115004DOC5330                  0046658100000090310000000   00000000000000 0102260719DOC5330                       100819000000001320008501155010000000000000000000000000000000000000000000000000000000000000000000000000000000000000000000000000000000000000000000000000000000000000000000000000000000000000          000000000000000000000000000000000000000000000000  00000129
70000000000000000011550004665810115004DOC5331                  0046658100000090410000000   00000000000000 0102260719DOC5331                       050819000000006600008501155010000000000000000000000000000000000000000000000000000000000000000000000000000000000000000000000000000000000000000000000000000000000000000000000000000000000000          000000000000000000000000000000000000000000000000  00000130
70000000000000000011550004665810115004DOC5332                  0046658100000090510000000   00000000000000 0102260719DOC5332                       050819000000010494008501155010000000000000000000000000000000000000000000000000000000000000000000000000000000000000000000000000000000000000000000000000000000000000000000000000000000000000          000000000000000000000000000000000000000000000000  00000131
70000000000000000011550004665810115004DOC5333                  0046658100000090610000000   00000000000000 0102260719DOC5333                       050819000000010494008501155010000000000000000000000000000000000000000000000000000000000000000000000000000000000000000000000000000000000000000000000000000000000000000000000000000000000000          000000000000000000000000000000000000000000000000  00000132
70000000000000000011550004665810115004DOC5334                  0046658100000090710000000   00000000000000 0102260719DOC5334                       150819000000016500008501155010000000000000000000000000000000000000000000000000000000000000000000000000000000000000000000000000000000000000000000000000000000000000000000000000000000000000          000000000000000000000000000000000000000000000000  00000133
70000000000000000011550004665810115004DOC5335                  0046658100000090810000000   00000000000000 0102260719DOC5335                       050819000000003500008501155010000000000000000000000000000000000000000000000000000000000000000000000000000000000000000000000000000000000000000000000000000000000000000000000000000000000000          000000000000000000000000000000000000000000000000  00000134
70000000000000000011550004665810115004DOC5336                  0046658100000090910000050   00000000000000 0102260719DOC5336                       050819000000003000008501155010000000000000000000000000000000000000000000000000000000000000000000000000000000000000000000000000000000000000000000000000000000000000000000000000000000000000          000000000000000000000000000000000000000000000000  00000135
70000000000000000011550004665810115004DOC5337                  0046658100000091010000000   00000000000000 0102260719DOC5337                       050819000000009000008501155010000000000000000000000000000000000000000000000000000000000000000000000000000000000000000000000000000000000000000000000000000000000000000000000000000000000000          000000000000000000000000000000000000000000000000  00000136
70000000000000000011550004665810115004DOC5338                  0046658100000091110000000   00000000000000 0102260719DOC5338                       150819000000007200008501155010000000000000000000000000000000000000000000000000000000000000000000000000000000000000000000000000000000000000000000000000000000000000000000000000000000000000          000000000000000000000000000000000000000000000000  00000137
70000000000000000011550004665810115004DOC5339                  0046658100000091210000000   00000000000000 0102260719DOC5339                       050819000000003500008501155010000000000000000000000000000000000000000000000000000000000000000000000000000000000000000000000000000000000000000000000000000000000000000000000000000000000000          000000000000000000000000000000000000000000000000  00000138
70000000000000000011550004665810115004DOC5340                  0046658100000091310000050   00000000000000 0102260719DOC5340                       050819000000006500008501155010000000000000000000000000000000000000000000000000000000000000000000000000000000000000000000000000000000000000000000000000000000000000000000000000000000000000          000000000000000000000000000000000000000000000000  00000139
70000000000000000011550004665810115004DOC5341                  0046658100000091410000050   00000000000000 0102260719DOC5341                       050819000000003800008501155010000000000000000000000000000000000000000000000000000000000000000000000000000000000000000000000000000000000000000000000000000000000000000000000000000000000000          000000000000000000000000000000000000000000000000  00000140
70000000000000000011550004665810115004DOC5342                  0046658100000091510000000   00000000000000 0102260719DOC5342                       100819000000005000008501155010000000000000000000000000000000000000000000000000000000000000000000000000000000000000000000000000000000000000000000000000000000000000000000000000000000000000          000000000000000000000000000000000000000000000000  00000141
70000000000000000011550004665810115004DOC5343                  0046658100000091610000050   00000000000000 0102260719DOC5343                       050819000000011000008501155010000000000000000000000000000000000000000000000000000000000000000000000000000000000000000000000000000000000000000000000000000000000000000000000000000000000000          000000000000000000000000000000000000000000000000  00000142
70000000000000000011550004665810115004DOC5344                  0046658100000091710000050   00000000000000 0102260719DOC5344                       100819000000005000008501155010000000000000000000000000000000000000000000000000000000000000000000000000000000000000000000000000000000000000000000000000000000000000000000000000000000000000          000000000000000000000000000000000000000000000000  00000143
70000000000000000011550004665810115004DOC5345                  0046658100000091810000000   00000000000000 0102260719DOC5345                       050819000000002500008501155010000000000000000000000000000000000000000000000000000000000000000000000000000000000000000000000000000000000000000000000000000000000000000000000000000000000000          000000000000000000000000000000000000000000000000  00000144
70000000000000000011550004665810115004DOC5346                  0046658100000091910000000   00000000000000 0102260719DOC5346                       100819000000005000008501155010000000000000000000000000000000000000000000000000000000000000000000000000000000000000000000000000000000000000000000000000000000000000000000000000000000000000          000000000000000000000000000000000000000000000000  00000145
70000000000000000011550004665810115004DOC5347                  0046658100000092010000050   00000000000000 0102260719DOC5347                       150819000000040000008501155010000000000000000000000000000000000000000000000000000000000000000000000000000000000000000000000000000000000000000000000000000000000000000000000000000000000000          000000000000000000000000000000000000000000000000  00000146
70000000000000000011550004665810115004DOC5348                  0046658100000092110000050   00000000000000 0102260719DOC5348                       150819000000006500008501155010000000000000000000000000000000000000000000000000000000000000000000000000000000000000000000000000000000000000000000000000000000000000000000000000000000000000          000000000000000000000000000000000000000000000000  00000147
70000000000000000011550004665810115004DOC5349                  0046658100000092210000050   00000000000000 0102260719DOC5349                       100819000000010400008501155010000000000000000000000000000000000000000000000000000000000000000000000000000000000000000000000000000000000000000000000000000000000000000000000000000000000000          000000000000000000000000000000000000000000000000  00000148
70000000000000000011550004665810115004DOC5350                  0046658100000092310000050   00000000000000 0102260719DOC5350                       050819000000006500008501155010000000000000000000000000000000000000000000000000000000000000000000000000000000000000000000000000000000000000000000000000000000000000000000000000000000000000          000000000000000000000000000000000000000000000000  00000149
70000000000000000011550004665810115004DOC5351                  0046658100000092410000000   00000000000000 0102260719DOC5351                       050819000000001500008501155010000000000000000000000000000000000000000000000000000000000000000000000000000000000000000000000000000000000000000000000000000000000000000000000000000000000000          000000000000000000000000000000000000000000000000  00000150
70000000000000000011550004665810115004DOC5352                  0046658100000092510000000   00000000000000 0102260719DOC5352                       100819000000002000008501155010000000000000000000000000000000000000000000000000000000000000000000000000000000000000000000000000000000000000000000000000000000000000000000000000000000000000          000000000000000000000000000000000000000000000000  00000151
70000000000000000011550004665810115004DOC5353                  0046658100000092610000000   00000000000000 0102260719DOC5353                       050819000000002000008501155010000000000000000000000000000000000000000000000000000000000000000000000000000000000000000000000000000000000000000000000000000000000000000000000000000000000000          000000000000000000000000000000000000000000000000  00000152
70000000000000000011550004665810115004DOC5354                  0046658100000092710000000   00000000000000 0102260719DOC5354                       050819000000002500008501155010000000000000000000000000000000000000000000000000000000000000000000000000000000000000000000000000000000000000000000000000000000000000000000000000000000000000          000000000000000000000000000000000000000000000000  00000153
70000000000000000011550004665810115004DOC5355                  0046658100000092810000000   00000000000000 0102260719DOC5355                       050819000000006000008501155010000000000000000000000000000000000000000000000000000000000000000000000000000000000000000000000000000000000000000000000000000000000000000000000000000000000000          000000000000000000000000000000000000000000000000  00000154
70000000000000000011550004665810115004DOC5356                  0046658100000092910000000   00000000000000 0102260719DOC5356                       050819000000002500008501155010000000000000000000000000000000000000000000000000000000000000000000000000000000000000000000000000000000000000000000000000000000000000000000000000000000000000          000000000000000000000000000000000000000000000000  00000155
70000000000000000011550004665810115004DOC5357                  0046658100000093010000050   00000000000000 0102260719DOC5357                       050819000000030000008501155010000000000000000000000000000000000000000000000000000000000000000000000000000000000000000000000000000000000000000000000000000000000000000000000000000000000000          000000000000000000000000000000000000000000000000  00000156
70000000000000000011550004665810115004DOC5358                  0046658100000093110000050   00000000000000 0102260719DOC5358                       050819000000008000008501155010000000000000000000000000000000000000000000000000000000000000000000000000000000000000000000000000000000000000000000000000000000000000000000000000000000000000          000000000000000000000000000000000000000000000000  00000157
70000000000000000011550004665810115004DOC5359                  0046658100000093210000000   00000000000000 0102260719DOC5359                       050819000000000800008501155010000000000000000000000000000000000000000000000000000000000000000000000000000000000000000000000000000000000000000000000000000000000000000000000000000000000000          000000000000000000000000000000000000000000000000  00000158
70000000000000000011550004665810115004DOC5360                  0046658100000093310000000   00000000000000 0102260719DOC5360                       100819000000003500008501155010000000000000000000000000000000000000000000000000000000000000000000000000000000000000000000000000000000000000000000000000000000000000000000000000000000000000          000000000000000000000000000000000000000000000000  00000159
70000000000000000011550004665810115004DOC4881                  0046658100000048010000001   00000000000000 0106260719DOC4881                       230719000000006897000154062012907190000184000000000000000000000000000000000000000000000000000000000000000000000000000000000000000148200000000000000000000000000000000007045200000000000000          000000000000000000000000000000000000000000000000  02000160
9201001          000002230000001639013300000000          000000000000000000000000000000          000000000000000000000000000000          000000000000000000000000000000                                                  000000000000000000000000000000                                                                                                                                                   000161
