02RETORNO01COBRANCA       01155000490318000000PLANNER INTELIGENCIA CONTABIL 085COOPERATIVA DE 0708190000066                                          0115004                                                                                                                                                                                                                                              000001
70000000000000000011550004903180115004DOC583                   0049031800000025510000001   00000000000000 0106060819DOC583                        220819000000003500008501015010708190000100000000000000000000000000000000000000000000000000000000000000000000000000000000000000000000000000000000000000000000000000000003500000000000000000          000000000000000000000000000000000000000000000000  02000002
70000000000000000011550004903180115004DOC558                   0049031800000023010000001   00000000000000 0106060819DOC558                        100819000000000560008501015010708190000100000000000000000000000000000000000000000000000000000000000000000000000000000000000000000000000000000000000000000000000000000000560000000000000000          000000000000000000000000000000000000000000000000  02000003
70000000000000000011550004903180115004DOC573                   0049031800000024510000000   00000000000000 0114060819DOC573                        070819000000004180008501155010000000000100000000000000000000000000000000000000000000000000000000000000000000000000000000000000000000000000000000000000000000000000000000000000000000000000          000000000000000000000000000000000000000000000000  00000004
9201001          000000590000000370038600000000          000000000000000000000000000000          000000000000000000000000000000          000000000000000000000000000000                                                  000000000000000000000000000000                                                                                                                                                   000005
