02RETORNO01COBRANCA       01155000490318000000PLANNER INTELIGENCIA CONTABIL 085COOPERATIVA DE 2507190000062                                          0115004                                                                                                                                                                                                                                              000001
70000000000000000011550004903180115004NFSE401                  0049031800000007110000001   00000000000000 0106240719NFSE401                       240719000000002750075630341012507190000184000000000000000000000000000000000000000000000000000000000000000000000000000000000000000000000000000000000000000000000000000002750000000000000000          000000000000000000000000000000000000000000000000  02000002
70000000000000000011550004903180115004DOC534                   0049031800000020610000000   00000000000000 0114240719DOC534                        250719000000005000008501155010000000000100000000000000000000000000000000000000000000000000000000000000000000000000000000000000000000000000000000000000000000000000000000000000000000000000          000000000000000000000000000000000000000000000000  00000003
9201001          000000130000000083874600000000          000000000000000000000000000000          000000000000000000000000000000          000000000000000000000000000000                                                  000000000000000000000000000000                                                                                                                                                   000004
