02RETORNO01COBRANCA       01155000466581000000PLANNER CONTABILIDADE E AUDITO085COOPERATIVA DE 1608190000092                                          0115004                                                                                                                                                                                                                                              000001
70000000000000000011550004665810115004DOC5238                  0046658100000081110000001   00000000000000 0106150819DOC5238                       150819000000002811975603530011608190000184000000000000000000000000000000000000000000000000000000000000000000000000000000000000000000000000000000000000000000000000000002811900000000000000          000000000000000000000000000000000000000000000000  08000002
70000000000000000011550004665810115004DOC5273                  0046658100000084610000001   00000000000000 0106150819DOC5273                       150819000000009523375627006011608190000184000000000000000000000000000000000000000000000000000000000000000000000000000000000000000000000000000000000000000000000000000009523300000000000000          000000000000000000000000000000000000000000000000  08000003
70000000000000000011550004665810115004DOC5348                  0046658100000092110000001   00000000000000 0106150819DOC5348                       150819000000006500004101317011608190000184000000000000000000000000000000000000000000000000000000000000000000000000000000000000000000000000000000000000000000000000000006500000000000000000          000000000000000000000000000000000000000000000000  02000004
70000000000000000011550004665810115004DOC5219                  0046658100000079210000001   00000000000000 0106150819DOC5219                       150819000000016412400136331011608190000184000000000000000000000000000000000000000000000000000000000000000000000000000000000000000000000000000000000000000000000000000016412400000000000000          000000000000000000000000000000000000000000000000  05000005
70000000000000000011550004665810115004DOC5347                  0046658100000092010000001   00000000000000 0106150819DOC5347                       150819000000040000000102763011608190000184000000000000000000000000000000000000000000000000000000000000000000000000000000000000000000000000000000000000000000000000000040000000000000000000          000000000000000000000000000000000000000000000000  02000006
70000000000000000011550004665810115004DOC5296                  0046658100000086910000001   00000000000000 0106150819DOC5296                       050819000000011200000124953011608190000184000000000000000000000000000000000000000000000000000000000000000000000000000000000000000280000000000000000000000000000000000011480000000000000000          000000000000000000000000000000000000000000000000  02000007
9201001          000000780000000535781200000000          000000000000000000000000000000          000000000000000000000000000000          000000000000000000000000000000                                                  000000000000000000000000000000                                                                                                                                                   000008
