02RETORNO01COBRANCA       01155000490849000000PLANNER SOLUCOES EMPRESARIAIS 085COOPERATIVA DE 1806190000045                                          0115004                                                                                                                                                                                                                                              000001
70000000000000000011550004908490115004DOC1062                  0049084900000013010000001   00000000000000 0106170619DOC1062                       150619000000019036000136331011806190000184000000000000000000000000000000000000000000000000000000000000000000000000000000000000000000000000000000000000000000000000000019036000000000000000          000000000000000000000000000000000000000000000000  02000002
9201001          000000170000000299176600000000          000000000000000000000000000000          000000000000000000000000000000          000000000000000000000000000000                                                  000000000000000000000000000000                                                                                                                                                   000003
