02RETORNO01COBRANCA       01155000466581000000PLANNER CONTABILIDADE E AUDITO085COOPERATIVA DE 0308190000083                                          0115004                                                                                                                                                                                                                                              000001
70000000000000000011550004665810115004DOC5206                  0046658100000077910000001   00000000000000 0106020819DOC5206                       050819000000005315823703670010508190000184000000000000000000000000000000000000000000000000000000000000000000000000000000000000000000000000000000000000000000000000000005315800000000000000          000000000000000000000000000000000000000000000000  02000002
70000000000000000011550004665810115004DOC5205                  0046658100000077810000001   00000000000000 0106020819DOC5205                       050819000000005315800154062010508190000184000000000000000000000000000000000000000000000000000000000000000000000000000000000000000000000000000000000000000000000000000005315800000000000000          000000000000000000000000000000000000000000000000  02000003
9201001          000002170000001608442700000000          000000000000000000000000000000          000000000000000000000000000000          000000000000000000000000000000                                                  000000000000000000000000000000                                                                                                                                                   000004
