02RETORNO01COBRANCA       01155000490318000000PLANNER INTELIGENCIA CONTABIL 085COOPERATIVA DE 1008190000068                                          0115004                                                                                                                                                                                                                                              000001
70000000000000000011550004903180115004DOC551                   0049031800000022310000001   00000000000000 0106090819DOC551                        100819000000002787410415440011208190000184000000000000000000000000000000000000000000000000000000000000000000000000000000000000000000000000000000000000000000000000000002787400000000000000          000000000000000000000000000000000000000000000000  02000002
70000000000000000011550004903180115004DOC564                   0049031800000023610000001   00000000000000 0106090819DOC564                        100819000000002799908501015011208190000100000000000000000000000000000000000000000000000000000000000000000000000000000000000000000000000000000000000000000000000000000002799900000000000000          000000000000000000000000000000000000000000000000  02000003
70000000000000000011550004903180115004DOC560                   0049031800000023210000001   00000000000000 0106090819DOC560                        100819000000006666608501015011208190000100000000000000000000000000000000000000000000000000000000000000000000000000000000000000000000000000000000000000000000000000000006666600000000000000          000000000000000000000000000000000000000000000000  02000004
70000000000000000011550004903180115004DOC541                   0049031800000021310000001   00000000000000 0106090819DOC541                        100819000000009666608501015011208190000100000000000000000000000000000000000000000000000000000000000000000000000000000000000000000000000000000000000000000000000000000009666600000000000000          000000000000000000000000000000000000000000000000  02000005
70000000000000000011550004903180115004DOC593                   0049031800000026510000001   00000000000000 0106090819DOC593                        050819000000000600008501015011208190000100000000000000000000000000000000000000000000000000000000000000000000000000000000000000000013200000000000000000000000000000000000613200000000000000          000000000000000000000000000000000000000000000000  02000006
70000000000000000011550004903180115004DOC452                   0049031800000012310000090   00000000000000 0109090819DOC452                        100619000000016560008501155010000000000100000000000000000000000000000000000000000000000000000000000000000000000000000000000000000000000000000000000000000000000000000000000000000000000000          000000000000000000000000000000000000000000000000  00000007
70000000000000000011550004903180115004DOC456                   0049031800000012710000090   00000000000000 0109090819DOC456                        100619000000010494008501155010000000000100000000000000000000000000000000000000000000000000000000000000000000000000000000000000000000000000000000000000000000000000000000000000000000000000          000000000000000000000000000000000000000000000000  00000008
9201001          000000490000000311234100000000          000000000000000000000000000000          000000000000000000000000000000          000000000000000000000000000000                                                  000000000000000000000000000000                                                                                                                                                   000009
