02RETORNO01COBRANCA       01155000466581000000PLANNER CONTABILIDADE E AUDITO085COOPERATIVA DE 1007190000067                                          0115004                                                                                                                                                                                                                                              000001
70000000000000000011550004665810115004DOC5115                  0046658100000069110000001   00000000000000 0106090719DOC5115                       050719000000025641608501155011007190000100000000000000000000000000000000000000000000000000000000000000000000000000000000000000000564000000000000000000000000000000000026205600000000000000          000000000000000000000000000000000000000000000000  02000002
70000000000000000011550004665810115004DOC5171                  0046658100000074710000001   00000000000000 0106090719DOC5171                       050719000000010494008501155011007190000100000000000000000000000000000000000000000000000000000000000000000000000000000000000000000230700000000000000000000000000000000010724700000000000000          000000000000000000000000000000000000000000000000  02000003
70000000000000000011550004665810115004DOC5117                  0046658100000069310000001   00000000000000 0106090719DOC5117                       050719000000001149508501155011007190000100000000000000000000000000000000000000000000000000000000000000000000000000000000000000000025100000000000000000000000000000000001174600000000000000          000000000000000000000000000000000000000000000000  02000004
70000000000000000011550004665810115004DOC5154                  0046658100000073010000001   00000000000000 0106090719DOC5154                       050719000000000990008501155011007190000100000000000000000000000000000000000000000000000000000000000000000000000000000000000000000021700000000000000000000000000000000001011700000000000000          000000000000000000000000000000000000000000000000  02000005
70000000000000000011550004665810115004DOC5114                  0046658100000069010000001   00000000000000 0106090719DOC5114                       050719000000001149508501155011007190000100000000000000000000000000000000000000000000000000000000000000000000000000000000000000000025100000000000000000000000000000000001174600000000000000          000000000000000000000000000000000000000000000000  02000006
70000000000000000011550004665810115004DOC4869                  0046658100000046810000001   00000000000000 0106090719DOC4869                       090719000000010943575630341011007190000184000000000000000000000000000000000000000000000000000000000000000000000000000000000000000000000000000000000000000000000000000010943500000000000000          000000000000000000000000000000000000000000000000  02000007
70000000000000000011550004665810115004DOC5103                  0046658100000067910000001   00000000000000 0106090719DOC5103                       100719000000005385403312572011007190000184000000000000000000000000000000000000000000000000000000000000000000000000000000000000000000000000000000000000000000000000000005385400000000000000          000000000000000000000000000000000000000000000000  02000008
70000000000000000011550004665810115004DOC5079                  0046658100000065510000001   00000000000000 0106090719DOC5079                       100719000000002000010404235011007190000184000000000000000000000000000000000000000000000000000000000000000000000000000000000000000000000000000000000000000000000000000002000000000000000000          000000000000000000000000000000000000000000000000  07000009
70000000000000000011550004665810115004DOC5062                  0046658100000063810000001   00000000000000 0106090719DOC5062                       150719000000004180000102763011007190000184000000000000000000000000000000000000000000000000000000000000000000000000000000000000000000000000000000000000000000000000000004180000000000000000          000000000000000000000000000000000000000000000000  07000010
70000000000000000011550004665810115004NFSE4598                 0046658100000021810000090   00000000000000 0109090719NFSE4598                      100519000000004686008501155010000000000100000000000000000000000000000000000000000000000000000000000000000000000000000000000000000000000000000000000000000000000000000000000000000000000000          000000000000000000000000000000000000000000000000  00000011
70000000000000000011550004665810115004NFSE4601                 0046658100000022110000090   00000000000000 0109090719NFSE4601                      100519000000003787508501155010000000000100000000000000000000000000000000000000000000000000000000000000000000000000000000000000000000000000000000000000000000000000000000000000000000000000          000000000000000000000000000000000000000000000000  00000012
70000000000000000011550004665810115004NFSE4602                 0046658100000022210000090   00000000000000 0109090719NFSE4602                      100519000000001009908501155010000000000100000000000000000000000000000000000000000000000000000000000000000000000000000000000000000000000000000000000000000000000000000000000000000000000000          000000000000000000000000000000000000000000000000  00000013
70000000000000000011550004665810115004NFSE4606                 0046658100000022610000090   00000000000000 0109090719NFSE4606                      100519000000001724308501155010000000000100000000000000000000000000000000000000000000000000000000000000000000000000000000000000000000000000000000000000000000000000000000000000000000000000          000000000000000000000000000000000000000000000000  00000014
70000000000000000011550004665810115004NFSE4718                 0046658100000033810000090   00000000000000 0109090719NFSE4718                      100519000000002500008501155010000000000100000000000000000000000000000000000000000000000000000000000000000000000000000000000000000000000000000000000000000000000000000000000000000000000000          000000000000000000000000000000000000000000000000  00000015
70000000000000000011550004665810115004NFSE4772                 0046658100000037110000090   00000000000000 0109090719NFSE4772                      100519000000005760008501155010000000000100000000000000000000000000000000000000000000000000000000000000000000000000000000000000000000000000000000000000000000000000000000000000000000000000          000000000000000000000000000000000000000000000000  00000016
70000000000000000011550004665810115004NFSE4777                 0046658100000037610000090   00000000000000 0109090719NFSE4777                      100519000000001440008501155010000000000100000000000000000000000000000000000000000000000000000000000000000000000000000000000000000000000000000000000000000000000000000000000000000000000000          000000000000000000000000000000000000000000000000  00000017
70000000000000000011550004665810115004NFSE4784                 0046658100000038310000090   00000000000000 0109090719NFSE4784                      100519000000001500008501155010000000000100000000000000000000000000000000000000000000000000000000000000000000000000000000000000000000000000000000000000000000000000000000000000000000000000          000000000000000000000000000000000000000000000000  00000018
70000000000000000011550004665810115004DOC4869                  0046658100000046810000000   00000000000000 0114090719DOC4869                       090719000000010943508501155010000000000100000000000000000000000000000000000000000000000000000000000000000000000000000000000000000000000000000000000000000000000000000000000000000000000000          000000000000000000000000000000000000000000000000  00000019
70000000000000000011550004665810115004DOC5059                  0046658100000063510000000   00000000000000 0114090719DOC5059                       170719000000010943508501155010000000000100000000000000000000000000000000000000000000000000000000000000000000000000000000000000000000000000000000000000000000000000000000000000000000000000          000000000000000000000000000000000000000000000000  00000020
9201001          000001270000001744198000000000          000000000000000000000000000000          000000000000000000000000000000          000000000000000000000000000000                                                  000000000000000000000000000000                                                                                                                                                   000021
