02RETORNO01COBRANCA       01155000490849000000PLANNER SOLUCOES EMPRESARIAIS 085COOPERATIVA DE 1906190000046                                          0115004                                                                                                                                                                                                                                              000001
70000000000000000011550004908490115004NFSE1807                 0049084900000012010000001   00000000000000 0106180619NFSE1807                      180619000000026000075630848011906190000184000000000000000000000000000000000000000000000000000000000000000000000000000000000000000000000000000000000000000000000000000026000000000000000000          000000000000000000000000000000000000000000000000  02000002
70000000000000000011550004908490115004NFSE1806                 0049084900000011910000000   00000000000000 0131180619NFSE1806                      150619000000057386208501155010000000000100000000000000000000000000000000000000000000000000000000000002806180000000000000000000000000000000000000000000000000000000000000000000000000000000          000000000000000000000000000000000000000000000000  00000003
9201001          000000160000000273176600000000          000000000000000000000000000000          000000000000000000000000000000          000000000000000000000000000000                                                  000000000000000000000000000000                                                                                                                                                   000004
