02RETORNO01COBRANCA       01155000466581000000PLANNER CONTABILIDADE E AUDITO085COOPERATIVA DE 0108190000081                                          0115004                                                                                                                                                                                                                                              000001
70000000000000000011550004665810115004DOC5215                  0046658100000078810000001   00000000000000 0106310719DOC5215                       050819000000005065200102763010108190000184000000000000000000000000000000000000000000000000000000000000000000000000000000000000000000000000000000000000000000000000000005065200000000000000          000000000000000000000000000000000000000000000000  08000002
9201001          000002200000001622074300000000          000000000000000000000000000000          000000000000000000000000000000          000000000000000000000000000000                                                  000000000000000000000000000000                                                                                                                                                   000003
