02RETORNO01COBRANCA       01155000466581000000PLANNER CONTABILIDADE E AUDITO085COOPERATIVA DE 2805190000041                                          0115004                                                                                                                                                                                                                                              000001
70000000000000000011550004665810115004NFSE4851                 0046658100000045010000000   00000000000000 0102270519NFSE4851                      150619000000436590008501155010000000000000000000000000000000000000000000000000000000000000000000000000000000000000000000000000000000000000000000000000000000000000000000000000000000000000          000000000000000000000000000000000000000000000000  00000002
70000000000000000011550004665810115004NFSE4807                 0046658100000040610000001   00000000000000 0106270519NFSE4807                      280519000000003000008501155012805190000100000000000000000000000000000000000000000000000000000000000000000000000000000000000000000000000000000000000000000000000000000003000000000000000000          000000000000000000000000000000000000000000000000  02000003
70000000000000000011550004665810115004NFSE4666                 0046658100000028610000001   00000000000000 0106270519NFSE4666                      050519000000003300000124953012805190000184000000000000000000000000000000000000000000000000000000000000000000000000000000000000000102300000000000000000000000000000000003402300000000000000          000000000000000000000000000000000000000000000000  02000004
70000000000000000011550004665810115004NFSE4808                 0046658100000040710000001   00000000000000 0106270519NFSE4808                      270519000000001300008501015012805190000100000000000000000000000000000000000000000000000000000000000000000000000000000000000000000000000000000000000000000000000000000001300000000000000000          000000000000000000000000000000000000000000000000  02000005
9201001          000000860000001474408200000000          000000000000000000000000000000          000000000000000000000000000000          000000000000000000000000000000                                                  000000000000000000000000000000                                                                                                                                                   000006
