02RETORNO01COBRANCA       01155000490849000000PLANNER SOLUCOES EMPRESARIAIS 085COOPERATIVA DE 3005190000035                                          0115004                                                                                                                                                                                                                                              000001
70000000000000000011550004908490115004                         0049084900000009910000099   00000000000000 0103290519                              000000000000005887308501155990000000000000000000000000000000000000000000000000000000000000000000000000000000000000000000000000000000000000000000000000000000000000000000000000000000000000          000000000000000000000000000000000000000000000000  00000002
70000000000000000011550004908490115004                         0049084900000010010000099   00000000000000 0103290519                              000000000000012219708501155990000000000000000000000000000000000000000000000000000000000000000000000000000000000000000000000000000000000000000000000000000000000000000000000000000000000000          000000000000000000000000000000000000000000000000  00000003
70000000000000000011550004908490115004                         0049084900000010110000099   00000000000000 0103290519                              000000000000025550008501155990000000000000000000000000000000000000000000000000000000000000000000000000000000000000000000000000000000000000000000000000000000000000000000000000000000000000          000000000000000000000000000000000000000000000000  00000004
70000000000000000011550004908490115004                         0049084900000010210000099   00000000000000 0103290519                              000000000000014075608501155990000000000000000000000000000000000000000000000000000000000000000000000000000000000000000000000000000000000000000000000000000000000000000000000000000000000000          000000000000000000000000000000000000000000000000  00000005
70000000000000000011550004908490115004                         0049084900000010310000099   00000000000000 0103290519                              000000000000006302808501155990000000000000000000000000000000000000000000000000000000000000000000000000000000000000000000000000000000000000000000000000000000000000000000000000000000000000          000000000000000000000000000000000000000000000000  00000006
70000000000000000011550004908490115004                         0049084900000010410000099   00000000000000 0103290519                              000000000000041054008501155990000000000000000000000000000000000000000000000000000000000000000000000000000000000000000000000000000000000000000000000000000000000000000000000000000000000000          000000000000000000000000000000000000000000000000  00000007
70000000000000000011550004908490115004                         0049084900000010510000099   00000000000000 0103290519                              000000000000010680008501155990000000000000000000000000000000000000000000000000000000000000000000000000000000000000000000000000000000000000000000000000000000000000000000000000000000000000          000000000000000000000000000000000000000000000000  00000008
70000000000000000011550004908490115004                         0049084900000010610000099   00000000000000 0103290519                              000000000000029324408501155990000000000000000000000000000000000000000000000000000000000000000000000000000000000000000000000000000000000000000000000000000000000000000000000000000000000000          000000000000000000000000000000000000000000000000  00000009
70000000000000000011550004908490115004                         0049084900000010710000099   00000000000000 0103290519                              000000000000024500008501155990000000000000000000000000000000000000000000000000000000000000000000000000000000000000000000000000000000000000000000000000000000000000000000000000000000000000          000000000000000000000000000000000000000000000000  00000010
70000000000000000011550004908490115004                         0049084900000010810000099   00000000000000 0103290519                              000000000000008712508501155990000000000000000000000000000000000000000000000000000000000000000000000000000000000000000000000000000000000000000000000000000000000000000000000000000000000000          000000000000000000000000000000000000000000000000  00000011
70000000000000000011550004908490115004                         0049084900000010910000099   00000000000000 0103290519                              000000000000022000008501155990000000000000000000000000000000000000000000000000000000000000000000000000000000000000000000000000000000000000000000000000000000000000000000000000000000000000          000000000000000000000000000000000000000000000000  00000012
70000000000000000011550004908490115004                         0049084900000011010000099   00000000000000 0103290519                              000000000000020440008501155990000000000000000000000000000000000000000000000000000000000000000000000000000000000000000000000000000000000000000000000000000000000000000000000000000000000000          000000000000000000000000000000000000000000000000  00000013
70000000000000000011550004908490115004                         0049084900000011110000099   00000000000000 0103290519                              000000000000024000008501155990000000000000000000000000000000000000000000000000000000000000000000000000000000000000000000000000000000000000000000000000000000000000000000000000000000000000          000000000000000000000000000000000000000000000000  00000014
70000000000000000011550004908490115004                         0049084900000011210000099   00000000000000 0103290519                              000000000000028000008501155990000000000000000000000000000000000000000000000000000000000000000000000000000000000000000000000000000000000000000000000000000000000000000000000000000000000000          000000000000000000000000000000000000000000000000  00000015
70000000000000000011550004908490115004                         0049084900000011310000099   00000000000000 0103290519                              000000000000012000008501155990000000000000000000000000000000000000000000000000000000000000000000000000000000000000000000000000000000000000000000000000000000000000000000000000000000000000          000000000000000000000000000000000000000000000000  00000016
70000000000000000011550004908490115004                         0049084900000011410000099   00000000000000 0103290519                              000000000000026000008501155990000000000000000000000000000000000000000000000000000000000000000000000000000000000000000000000000000000000000000000000000000000000000000000000000000000000000          000000000000000000000000000000000000000000000000  00000017
70000000000000000011550004908490115004                         0049084900000011510000099   00000000000000 0103290519                              000000000000047000008501155990000000000000000000000000000000000000000000000000000000000000000000000000000000000000000000000000000000000000000000000000000000000000000000000000000000000000          000000000000000000000000000000000000000000000000  00000018
70000000000000000011550004908490115004                         0049084900000011610000099   00000000000000 0103290519                              000000000000006000008501155990000000000000000000000000000000000000000000000000000000000000000000000000000000000000000000000000000000000000000000000000000000000000000000000000000000000000          000000000000000000000000000000000000000000000000  00000019
70000000000000000011550004908490115004                         0049084900000011710000099   00000000000000 0103290519                              000000000000005534808501155990000000000000000000000000000000000000000000000000000000000000000000000000000000000000000000000000000000000000000000000000000000000000000000000000000000000000          000000000000000000000000000000000000000000000000  00000020
70000000000000000011550004908490115004                         0049084900000011810000099   00000000000000 0103290519                              000000000000025000008501155990000000000000000000000000000000000000000000000000000000000000000000000000000000000000000000000000000000000000000000000000000000000000000000000000000000000000          000000000000000000000000000000000000000000000000  00000021
70000000000000000011550004908490115004                         0049084900000011910000099   00000000000000 0103290519                              000000000000057386208501155990000000000000000000000000000000000000000000000000000000000000000000000000000000000000000000000000000000000000000000000000000000000000000000000000000000000000          000000000000000000000000000000000000000000000000  00000022
70000000000000000011550004908490115004                         0049084900000012010000099   00000000000000 0103290519                              000000000000026000008501155990000000000000000000000000000000000000000000000000000000000000000000000000000000000000000000000000000000000000000000000000000000000000000000000000000000000000          000000000000000000000000000000000000000000000000  00000023
70000000000000000011550004908490115004                         0049084900000012110000099   00000000000000 0103290519                              000000000000022000008501155990000000000000000000000000000000000000000000000000000000000000000000000000000000000000000000000000000000000000000000000000000000000000000000000000000000000000          000000000000000000000000000000000000000000000000  00000024
70000000000000000011550004908490115004                         0049084900000012210000099   00000000000000 0103290519                              000000000000045000008501155990000000000000000000000000000000000000000000000000000000000000000000000000000000000000000000000000000000000000000000000000000000000000000000000000000000000000          000000000000000000000000000000000000000000000000  00000025
70000000000000000011550004908490115004                         0049084900000012310000099   00000000000000 0103290519                              000000000000021000008501155990000000000000000000000000000000000000000000000000000000000000000000000000000000000000000000000000000000000000000000000000000000000000000000000000000000000000          000000000000000000000000000000000000000000000000  00000026
70000000000000000011550004908490115004                         0049084900000012410000099   00000000000000 0103290519                              000000000000004500008501155990000000000000000000000000000000000000000000000000000000000000000000000000000000000000000000000000000000000000000000000000000000000000000000000000000000000000          000000000000000000000000000000000000000000000000  00000027
70000000000000000011550004908490115004                         0049084900000012510000099   00000000000000 0103290519                              000000000000025000008501155990000000000000000000000000000000000000000000000000000000000000000000000000000000000000000000000000000000000000000000000000000000000000000000000000000000000000          000000000000000000000000000000000000000000000000  00000028
70000000000000000011550004908490115004                         0049084900000012610000099   00000000000000 0103290519                              000000000000012000008501155990000000000000000000000000000000000000000000000000000000000000000000000000000000000000000000000000000000000000000000000000000000000000000000000000000000000000          000000000000000000000000000000000000000000000000  00000029
70000000000000000011550004908490115004                         0049084900000012710000099   00000000000000 0103290519                              000000000000003000008501155990000000000000000000000000000000000000000000000000000000000000000000000000000000000000000000000000000000000000000000000000000000000000000000000000000000000000          000000000000000000000000000000000000000000000000  00000030
70000000000000000011550004908490115004                         0049084900000012810000099   00000000000000 0103290519                              000000000000025000008501155990000000000000000000000000000000000000000000000000000000000000000000000000000000000000000000000000000000000000000000000000000000000000000000000000000000000000          000000000000000000000000000000000000000000000000  00000031
70000000000000000011550004908490115004                         0049084900000012910000099   00000000000000 0103290519                              000000000000040000008501155990000000000000000000000000000000000000000000000000000000000000000000000000000000000000000000000000000000000000000000000000000000000000000000000000000000000000          000000000000000000000000000000000000000000000000  00000032
9201001          000000100000000178777000000000          000000000000000000000000000000          000000000000000000000000000000          000000000000000000000000000000                                                  000000000000000000000000000000                                                                                                                                                   000033
