02RETORNO01COBRANCA       01155000490318000000PLANNER INTELIGENCIA CONTABIL 085COOPERATIVA DE 1506190000040                                          0115004                                                                                                                                                                                                                                              000001
70000000000000000011550004903180115004DOC436                   0049031800000010610000001   00000000000000 0106140619DOC436                        150619000000003300008501015011706190000100000000000000000000000000000000000000000000000000000000000000000000000000000000000000000000000000000000000000000000000000000003300000000000000000          000000000000000000000000000000000000000000000000  02000002
70000000000000000011550004903180115004NFSE338                  0049031800000000910000090   00000000000000 0109140619NFSE338                       150419000000000800008501155010000000000100000000000000000000000000000000000000000000000000000000000000000000000000000000000000000000000000000000000000000000000000000000000000000000000000          000000000000000000000000000000000000000000000000  00000003
70000000000000000011550004903180115004NFSE344                  0049031800000001510000090   00000000000000 0109140619NFSE344                       150419000000002750008501155010000000000100000000000000000000000000000000000000000000000000000000000000000000000000000000000000000000000000000000000000000000000000000000000000000000000000          000000000000000000000000000000000000000000000000  00000004
9201001          000000210000000169745200000000          000000000000000000000000000000          000000000000000000000000000000          000000000000000000000000000000                                                  000000000000000000000000000000                                                                                                                                                   000005
