02RETORNO01COBRANCA       01155000490849000000PLANNER SOLUCOES EMPRESARIAIS 085COOPERATIVA DE 2806190000051                                          0115004                                                                                                                                                                                                                                              000001
70000000000000000011550004908490115004DOC1828                  0049084900000015210000050   00000000000000 0102270619DOC1828                       050719000000005887308501155010000000000000000000000000000000000000000000000000000000000000000000000000000000000000000000000000000000000000000000000000000000000000000000000000000000000000          000000000000000000000000000000000000000000000000  00000002
70000000000000000011550004908490115004DOC1829                  0049084900000015310000050   00000000000000 0102270619DOC1829                       050719000000010933208501155010000000000000000000000000000000000000000000000000000000000000000000000000000000000000000000000000000000000000000000000000000000000000000000000000000000000000          000000000000000000000000000000000000000000000000  00000003
70000000000000000011550004908490115004DOC1830                  0049084900000015410000050   00000000000000 0102270619DOC1830                       100719000000012785408501155010000000000000000000000000000000000000000000000000000000000000000000000000000000000000000000000000000000000000000000000000000000000000000000000000000000000000          000000000000000000000000000000000000000000000000  00000004
70000000000000000011550004908490115004DOC1831                  0049084900000015510000050   00000000000000 0102270619DOC1831                       100719000000012219708501155010000000000000000000000000000000000000000000000000000000000000000000000000000000000000000000000000000000000000000000000000000000000000000000000000000000000000          000000000000000000000000000000000000000000000000  00000005
70000000000000000011550004908490115004DOC1832                  0049084900000015610000050   00000000000000 0102270619DOC1832                       050719000000025550008501155010000000000000000000000000000000000000000000000000000000000000000000000000000000000000000000000000000000000000000000000000000000000000000000000000000000000000          000000000000000000000000000000000000000000000000  00000006
70000000000000000011550004908490115004DOC1833                  0049084900000015710000000   00000000000000 0102270619DOC1833                       250719000000014075608501155010000000000000000000000000000000000000000000000000000000000000000000000000000000000000000000000000000000000000000000000000000000000000000000000000000000000000          000000000000000000000000000000000000000000000000  00000007
70000000000000000011550004908490115004DOC1834                  0049084900000015810000000   00000000000000 0102270619DOC1834                       050719000000006302808501155010000000000000000000000000000000000000000000000000000000000000000000000000000000000000000000000000000000000000000000000000000000000000000000000000000000000000          000000000000000000000000000000000000000000000000  00000008
70000000000000000011550004908490115004DOC1835                  0049084900000015910000050   00000000000000 0102270619DOC1835                       050719000000041054008501155010000000000000000000000000000000000000000000000000000000000000000000000000000000000000000000000000000000000000000000000000000000000000000000000000000000000000          000000000000000000000000000000000000000000000000  00000009
70000000000000000011550004908490115004DOC1836                  0049084900000016010000050   00000000000000 0102270619DOC1836                       130719000000010680008501155010000000000000000000000000000000000000000000000000000000000000000000000000000000000000000000000000000000000000000000000000000000000000000000000000000000000000          000000000000000000000000000000000000000000000000  00000010
70000000000000000011550004908490115004DOC1837                  0049084900000016110000000   00000000000000 0102270619DOC1837                       050719000000024500008501155010000000000000000000000000000000000000000000000000000000000000000000000000000000000000000000000000000000000000000000000000000000000000000000000000000000000000          000000000000000000000000000000000000000000000000  00000011
70000000000000000011550004908490115004DOC1838                  0049084900000016210000050   00000000000000 0102270619DOC1838                       050719000000008712508501155010000000000000000000000000000000000000000000000000000000000000000000000000000000000000000000000000000000000000000000000000000000000000000000000000000000000000          000000000000000000000000000000000000000000000000  00000012
70000000000000000011550004908490115004DOC1839                  0049084900000016310000050   00000000000000 0102270619DOC1839                       050719000000022000008501155010000000000000000000000000000000000000000000000000000000000000000000000000000000000000000000000000000000000000000000000000000000000000000000000000000000000000          000000000000000000000000000000000000000000000000  00000013
70000000000000000011550004908490115004DOC1840                  0049084900000016410000050   00000000000000 0102270619DOC1840                       050719000000020440008501155010000000000000000000000000000000000000000000000000000000000000000000000000000000000000000000000000000000000000000000000000000000000000000000000000000000000000          000000000000000000000000000000000000000000000000  00000014
70000000000000000011550004908490115004DOC1841                  0049084900000016510000050   00000000000000 0102270619DOC1841                       050719000000024000008501155010000000000000000000000000000000000000000000000000000000000000000000000000000000000000000000000000000000000000000000000000000000000000000000000000000000000000          000000000000000000000000000000000000000000000000  00000015
70000000000000000011550004908490115004DOC1842                  0049084900000016610000050   00000000000000 0102270619DOC1842                       050719000000028000008501155010000000000000000000000000000000000000000000000000000000000000000000000000000000000000000000000000000000000000000000000000000000000000000000000000000000000000          000000000000000000000000000000000000000000000000  00000016
70000000000000000011550004908490115004DOC1843                  0049084900000016710000050   00000000000000 0102270619DOC1843                       050719000000012000008501155010000000000000000000000000000000000000000000000000000000000000000000000000000000000000000000000000000000000000000000000000000000000000000000000000000000000000          000000000000000000000000000000000000000000000000  00000017
70000000000000000011550004908490115004DOC1844                  0049084900000016810000000   00000000000000 0102270619DOC1844                       050719000000026000008501155010000000000000000000000000000000000000000000000000000000000000000000000000000000000000000000000000000000000000000000000000000000000000000000000000000000000000          000000000000000000000000000000000000000000000000  00000018
70000000000000000011550004908490115004DOC1845                  0049084900000016910000050   00000000000000 0102270619DOC1845                       050719000000047000008501155010000000000000000000000000000000000000000000000000000000000000000000000000000000000000000000000000000000000000000000000000000000000000000000000000000000000000          000000000000000000000000000000000000000000000000  00000019
70000000000000000011550004908490115004DOC1846                  0049084900000017010000050   00000000000000 0102270619DOC1846                       050719000000006000008501155010000000000000000000000000000000000000000000000000000000000000000000000000000000000000000000000000000000000000000000000000000000000000000000000000000000000000          000000000000000000000000000000000000000000000000  00000020
70000000000000000011550004908490115004DOC1847                  0049084900000017110000050   00000000000000 0102270619DOC1847                       230719000000005534808501155010000000000000000000000000000000000000000000000000000000000000000000000000000000000000000000000000000000000000000000000000000000000000000000000000000000000000          000000000000000000000000000000000000000000000000  00000021
70000000000000000011550004908490115004DOC1848                  0049084900000017210000000   00000000000000 0102270619DOC1848                       100719000000025000008501155010000000000000000000000000000000000000000000000000000000000000000000000000000000000000000000000000000000000000000000000000000000000000000000000000000000000000          000000000000000000000000000000000000000000000000  00000022
70000000000000000011550004908490115004DOC1849                  0049084900000017310000050   00000000000000 0102270619DOC1849                       150719000000029324408501155010000000000000000000000000000000000000000000000000000000000000000000000000000000000000000000000000000000000000000000000000000000000000000000000000000000000000          000000000000000000000000000000000000000000000000  00000023
70000000000000000011550004908490115004DOC1850                  0049084900000017410000050   00000000000000 0102270619DOC1850                       180719000000026000008501155010000000000000000000000000000000000000000000000000000000000000000000000000000000000000000000000000000000000000000000000000000000000000000000000000000000000000          000000000000000000000000000000000000000000000000  00000024
70000000000000000011550004908490115004DOC1851                  0049084900000017510000000   00000000000000 0102270619DOC1851                       050719000000022000008501155010000000000000000000000000000000000000000000000000000000000000000000000000000000000000000000000000000000000000000000000000000000000000000000000000000000000000          000000000000000000000000000000000000000000000000  00000025
70000000000000000011550004908490115004DOC1852                  0049084900000017610000050   00000000000000 0102270619DOC1852                       150719000000045000008501155010000000000000000000000000000000000000000000000000000000000000000000000000000000000000000000000000000000000000000000000000000000000000000000000000000000000000          000000000000000000000000000000000000000000000000  00000026
70000000000000000011550004908490115004DOC1853                  0049084900000017710000000   00000000000000 0102270619DOC1853                       050719000000010250008501155010000000000000000000000000000000000000000000000000000000000000000000000000000000000000000000000000000000000000000000000000000000000000000000000000000000000000          000000000000000000000000000000000000000000000000  00000027
70000000000000000011550004908490115004DOC1854                  0049084900000017810000050   00000000000000 0102270619DOC1854                       280719000000025000008501155010000000000000000000000000000000000000000000000000000000000000000000000000000000000000000000000000000000000000000000000000000000000000000000000000000000000000          000000000000000000000000000000000000000000000000  00000028
70000000000000000011550004908490115004DOC1855                  0049084900000017910000000   00000000000000 0102270619DOC1855                       100719000000012000008501155010000000000000000000000000000000000000000000000000000000000000000000000000000000000000000000000000000000000000000000000000000000000000000000000000000000000000          000000000000000000000000000000000000000000000000  00000029
70000000000000000011550004908490115004DOC1856                  0049084900000018010000000   00000000000000 0102270619DOC1856                       050719000000003000008501155010000000000000000000000000000000000000000000000000000000000000000000000000000000000000000000000000000000000000000000000000000000000000000000000000000000000000          000000000000000000000000000000000000000000000000  00000030
70000000000000000011550004908490115004DOC1857                  0049084900000018110000050   00000000000000 0102270619DOC1857                       100719000000025000008501155010000000000000000000000000000000000000000000000000000000000000000000000000000000000000000000000000000000000000000000000000000000000000000000000000000000000000          000000000000000000000000000000000000000000000000  00000031
70000000000000000011550004908490115004DOC1858                  0049084900000018210000000   00000000000000 0102270619DOC1858                       150719000000040000008501155010000000000000000000000000000000000000000000000000000000000000000000000000000000000000000000000000000000000000000000000000000000000000000000000000000000000000          000000000000000000000000000000000000000000000000  00000032
70000000000000000011550004908490115004DOC1859                  0049084900000018310000050   00000000000000 0102270619DOC1859                       150719000000027500008501155010000000000000000000000000000000000000000000000000000000000000000000000000000000000000000000000000000000000000000000000000000000000000000000000000000000000000          000000000000000000000000000000000000000000000000  00000033
70000000000000000011550004908490115004DOC1860                  0049084900000018410000050   00000000000000 0102270619DOC1860                       050719000000029500008501155010000000000000000000000000000000000000000000000000000000000000000000000000000000000000000000000000000000000000000000000000000000000000000000000000000000000000          000000000000000000000000000000000000000000000000  00000034
70000000000000000011550004908490115004DOC1861                  0049084900000018510000050   00000000000000 0102270619DOC1861                       050719000000029324408501155010000000000000000000000000000000000000000000000000000000000000000000000000000000000000000000000000000000000000000000000000000000000000000000000000000000000000          000000000000000000000000000000000000000000000000  00000035
70000000000000000011550004908490115004DOC1080                  0049084900000018610000000   00000000000000 0102270619DOC1080                       050719000000023013708501155010000000000000000000000000000000000000000000000000000000000000000000000000000000000000000000000000000000000000000000000000000000000000000000000000000000000000          000000000000000000000000000000000000000000000000  00000036
70000000000000000011550004908490115004DOC1081                  0049084900000018710000050   00000000000000 0102270619DOC1081                       150719000000019036008501155010000000000000000000000000000000000000000000000000000000000000000000000000000000000000000000000000000000000000000000000000000000000000000000000000000000000000          000000000000000000000000000000000000000000000000  00000037
70000000000000000011550004908490115004DOC1082                  0049084900000018810000000   00000000000000 0102270619DOC1082                       100719000000019782608501155010000000000000000000000000000000000000000000000000000000000000000000000000000000000000000000000000000000000000000000000000000000000000000000000000000000000000          000000000000000000000000000000000000000000000000  00000038
70000000000000000011550004908490115004DOC1083                  0049084900000018910000050   00000000000000 0102270619DOC1083                       120719000000005864808501155010000000000000000000000000000000000000000000000000000000000000000000000000000000000000000000000000000000000000000000000000000000000000000000000000000000000000          000000000000000000000000000000000000000000000000  00000039
70000000000000000011550004908490115004DOC1084                  0049084900000019010000000   00000000000000 0102270619DOC1084                       050719000000016940608501155010000000000000000000000000000000000000000000000000000000000000000000000000000000000000000000000000000000000000000000000000000000000000000000000000000000000000          000000000000000000000000000000000000000000000000  00000040
70000000000000000011550004908490115004DOC1085                  0049084900000019110000050   00000000000000 0102270619DOC1085                       050719000000015375008501155010000000000000000000000000000000000000000000000000000000000000000000000000000000000000000000000000000000000000000000000000000000000000000000000000000000000000          000000000000000000000000000000000000000000000000  00000041
70000000000000000011550004908490115004DOC1086                  0049084900000019210000050   00000000000000 0102270619DOC1086                       050719000000016940608501155010000000000000000000000000000000000000000000000000000000000000000000000000000000000000000000000000000000000000000000000000000000000000000000000000000000000000          000000000000000000000000000000000000000000000000  00000042
70000000000000000011550004908490115004DOC1087                  0049084900000019310000050   00000000000000 0102270619DOC1087                       050719000000009709008501155010000000000000000000000000000000000000000000000000000000000000000000000000000000000000000000000000000000000000000000000000000000000000000000000000000000000000          000000000000000000000000000000000000000000000000  00000043
70000000000000000011550004908490115004DOC1088                  0049084900000019410000050   00000000000000 0102270619DOC1088                       050719000000013286008501155010000000000000000000000000000000000000000000000000000000000000000000000000000000000000000000000000000000000000000000000000000000000000000000000000000000000000          000000000000000000000000000000000000000000000000  00000044
70000000000000000011550004908490115004DOC1089                  0049084900000019510000050   00000000000000 0102270619DOC1089                       050719000000013286008501155010000000000000000000000000000000000000000000000000000000000000000000000000000000000000000000000000000000000000000000000000000000000000000000000000000000000000          000000000000000000000000000000000000000000000000  00000045
70000000000000000011550004908490115004DOC1090                  0049084900000019610000050   00000000000000 0102270619DOC1090                       050719000000013286008501155010000000000000000000000000000000000000000000000000000000000000000000000000000000000000000000000000000000000000000000000000000000000000000000000000000000000000          000000000000000000000000000000000000000000000000  00000046
70000000000000000011550004908490115004DOC1091                  0049084900000019710000050   00000000000000 0102270619DOC1091                       050719000000010000008501155010000000000000000000000000000000000000000000000000000000000000000000000000000000000000000000000000000000000000000000000000000000000000000000000000000000000000          000000000000000000000000000000000000000000000000  00000047
70000000000000000011550004908490115004DOC1092                  0049084900000019810000000   00000000000000 0102270619DOC1092                       050719000000016940608501155010000000000000000000000000000000000000000000000000000000000000000000000000000000000000000000000000000000000000000000000000000000000000000000000000000000000000          000000000000000000000000000000000000000000000000  00000048
70000000000000000011550004908490115004                         0049084900000015210000099   00000000000000 0103270619                              000000000000005887308501155990000000000000000000000000000000000000000000000000000000000000000000000000000000000000000000000000000000000000000000000000000000000000000000000000000000000000          000000000000000000000000000000000000000000000000  00000049
70000000000000000011550004908490115004                         0049084900000015310000099   00000000000000 0103270619                              000000000000010933208501155990000000000000000000000000000000000000000000000000000000000000000000000000000000000000000000000000000000000000000000000000000000000000000000000000000000000000          000000000000000000000000000000000000000000000000  00000050
70000000000000000011550004908490115004                         0049084900000015410000099   00000000000000 0103270619                              000000000000012785408501155990000000000000000000000000000000000000000000000000000000000000000000000000000000000000000000000000000000000000000000000000000000000000000000000000000000000000          000000000000000000000000000000000000000000000000  00000051
70000000000000000011550004908490115004                         0049084900000015510000099   00000000000000 0103270619                              000000000000012219708501155990000000000000000000000000000000000000000000000000000000000000000000000000000000000000000000000000000000000000000000000000000000000000000000000000000000000000          000000000000000000000000000000000000000000000000  00000052
70000000000000000011550004908490115004                         0049084900000015610000099   00000000000000 0103270619                              000000000000025550008501155990000000000000000000000000000000000000000000000000000000000000000000000000000000000000000000000000000000000000000000000000000000000000000000000000000000000000          000000000000000000000000000000000000000000000000  00000053
70000000000000000011550004908490115004                         0049084900000015710000099   00000000000000 0103270619                              000000000000014075608501155990000000000000000000000000000000000000000000000000000000000000000000000000000000000000000000000000000000000000000000000000000000000000000000000000000000000000          000000000000000000000000000000000000000000000000  00000054
70000000000000000011550004908490115004                         0049084900000015810000099   00000000000000 0103270619                              000000000000006302808501155990000000000000000000000000000000000000000000000000000000000000000000000000000000000000000000000000000000000000000000000000000000000000000000000000000000000000          000000000000000000000000000000000000000000000000  00000055
70000000000000000011550004908490115004                         0049084900000015910000099   00000000000000 0103270619                              000000000000041054008501155990000000000000000000000000000000000000000000000000000000000000000000000000000000000000000000000000000000000000000000000000000000000000000000000000000000000000          000000000000000000000000000000000000000000000000  00000056
70000000000000000011550004908490115004                         0049084900000016010000099   00000000000000 0103270619                              000000000000010680008501155990000000000000000000000000000000000000000000000000000000000000000000000000000000000000000000000000000000000000000000000000000000000000000000000000000000000000          000000000000000000000000000000000000000000000000  00000057
70000000000000000011550004908490115004                         0049084900000016110000099   00000000000000 0103270619                              000000000000024500008501155990000000000000000000000000000000000000000000000000000000000000000000000000000000000000000000000000000000000000000000000000000000000000000000000000000000000000          000000000000000000000000000000000000000000000000  00000058
70000000000000000011550004908490115004                         0049084900000016210000099   00000000000000 0103270619                              000000000000008712508501155990000000000000000000000000000000000000000000000000000000000000000000000000000000000000000000000000000000000000000000000000000000000000000000000000000000000000          000000000000000000000000000000000000000000000000  00000059
70000000000000000011550004908490115004                         0049084900000016310000099   00000000000000 0103270619                              000000000000022000008501155990000000000000000000000000000000000000000000000000000000000000000000000000000000000000000000000000000000000000000000000000000000000000000000000000000000000000          000000000000000000000000000000000000000000000000  00000060
70000000000000000011550004908490115004                         0049084900000016410000099   00000000000000 0103270619                              000000000000020440008501155990000000000000000000000000000000000000000000000000000000000000000000000000000000000000000000000000000000000000000000000000000000000000000000000000000000000000          000000000000000000000000000000000000000000000000  00000061
70000000000000000011550004908490115004                         0049084900000016510000099   00000000000000 0103270619                              000000000000024000008501155990000000000000000000000000000000000000000000000000000000000000000000000000000000000000000000000000000000000000000000000000000000000000000000000000000000000000          000000000000000000000000000000000000000000000000  00000062
70000000000000000011550004908490115004                         0049084900000016610000099   00000000000000 0103270619                              000000000000028000008501155990000000000000000000000000000000000000000000000000000000000000000000000000000000000000000000000000000000000000000000000000000000000000000000000000000000000000          000000000000000000000000000000000000000000000000  00000063
70000000000000000011550004908490115004                         0049084900000016710000099   00000000000000 0103270619                              000000000000012000008501155990000000000000000000000000000000000000000000000000000000000000000000000000000000000000000000000000000000000000000000000000000000000000000000000000000000000000          000000000000000000000000000000000000000000000000  00000064
70000000000000000011550004908490115004                         0049084900000016810000099   00000000000000 0103270619                              000000000000026000008501155990000000000000000000000000000000000000000000000000000000000000000000000000000000000000000000000000000000000000000000000000000000000000000000000000000000000000          000000000000000000000000000000000000000000000000  00000065
70000000000000000011550004908490115004                         0049084900000016910000099   00000000000000 0103270619                              000000000000047000008501155990000000000000000000000000000000000000000000000000000000000000000000000000000000000000000000000000000000000000000000000000000000000000000000000000000000000000          000000000000000000000000000000000000000000000000  00000066
70000000000000000011550004908490115004                         0049084900000017010000099   00000000000000 0103270619                              000000000000006000008501155990000000000000000000000000000000000000000000000000000000000000000000000000000000000000000000000000000000000000000000000000000000000000000000000000000000000000          000000000000000000000000000000000000000000000000  00000067
70000000000000000011550004908490115004                         0049084900000017110000099   00000000000000 0103270619                              000000000000005534808501155990000000000000000000000000000000000000000000000000000000000000000000000000000000000000000000000000000000000000000000000000000000000000000000000000000000000000          000000000000000000000000000000000000000000000000  00000068
70000000000000000011550004908490115004                         0049084900000017210000099   00000000000000 0103270619                              000000000000025000008501155990000000000000000000000000000000000000000000000000000000000000000000000000000000000000000000000000000000000000000000000000000000000000000000000000000000000000          000000000000000000000000000000000000000000000000  00000069
70000000000000000011550004908490115004                         0049084900000017310000099   00000000000000 0103270619                              000000000000029324408501155990000000000000000000000000000000000000000000000000000000000000000000000000000000000000000000000000000000000000000000000000000000000000000000000000000000000000          000000000000000000000000000000000000000000000000  00000070
70000000000000000011550004908490115004                         0049084900000017410000099   00000000000000 0103270619                              000000000000026000008501155990000000000000000000000000000000000000000000000000000000000000000000000000000000000000000000000000000000000000000000000000000000000000000000000000000000000000          000000000000000000000000000000000000000000000000  00000071
70000000000000000011550004908490115004                         0049084900000017510000099   00000000000000 0103270619                              000000000000022000008501155990000000000000000000000000000000000000000000000000000000000000000000000000000000000000000000000000000000000000000000000000000000000000000000000000000000000000          000000000000000000000000000000000000000000000000  00000072
70000000000000000011550004908490115004                         0049084900000017610000099   00000000000000 0103270619                              000000000000045000008501155990000000000000000000000000000000000000000000000000000000000000000000000000000000000000000000000000000000000000000000000000000000000000000000000000000000000000          000000000000000000000000000000000000000000000000  00000073
70000000000000000011550004908490115004                         0049084900000017710000099   00000000000000 0103270619                              000000000000010250008501155990000000000000000000000000000000000000000000000000000000000000000000000000000000000000000000000000000000000000000000000000000000000000000000000000000000000000          000000000000000000000000000000000000000000000000  00000074
70000000000000000011550004908490115004                         0049084900000017810000099   00000000000000 0103270619                              000000000000025000008501155990000000000000000000000000000000000000000000000000000000000000000000000000000000000000000000000000000000000000000000000000000000000000000000000000000000000000          000000000000000000000000000000000000000000000000  00000075
70000000000000000011550004908490115004                         0049084900000017910000099   00000000000000 0103270619                              000000000000012000008501155990000000000000000000000000000000000000000000000000000000000000000000000000000000000000000000000000000000000000000000000000000000000000000000000000000000000000          000000000000000000000000000000000000000000000000  00000076
70000000000000000011550004908490115004                         0049084900000018010000099   00000000000000 0103270619                              000000000000003000008501155990000000000000000000000000000000000000000000000000000000000000000000000000000000000000000000000000000000000000000000000000000000000000000000000000000000000000          000000000000000000000000000000000000000000000000  00000077
70000000000000000011550004908490115004                         0049084900000018110000099   00000000000000 0103270619                              000000000000025000008501155990000000000000000000000000000000000000000000000000000000000000000000000000000000000000000000000000000000000000000000000000000000000000000000000000000000000000          000000000000000000000000000000000000000000000000  00000078
70000000000000000011550004908490115004                         0049084900000018210000099   00000000000000 0103270619                              000000000000040000008501155990000000000000000000000000000000000000000000000000000000000000000000000000000000000000000000000000000000000000000000000000000000000000000000000000000000000000          000000000000000000000000000000000000000000000000  00000079
70000000000000000011550004908490115004                         0049084900000018310000099   00000000000000 0103270619                              000000000000027500008501155990000000000000000000000000000000000000000000000000000000000000000000000000000000000000000000000000000000000000000000000000000000000000000000000000000000000000          000000000000000000000000000000000000000000000000  00000080
70000000000000000011550004908490115004                         0049084900000018410000099   00000000000000 0103270619                              000000000000029500008501155990000000000000000000000000000000000000000000000000000000000000000000000000000000000000000000000000000000000000000000000000000000000000000000000000000000000000          000000000000000000000000000000000000000000000000  00000081
70000000000000000011550004908490115004                         0049084900000018510000099   00000000000000 0103270619                              000000000000029324408501155990000000000000000000000000000000000000000000000000000000000000000000000000000000000000000000000000000000000000000000000000000000000000000000000000000000000000          000000000000000000000000000000000000000000000000  00000082
70000000000000000011550004908490115004                         0049084900000018610000099   00000000000000 0103270619                              000000000000023013708501155990000000000000000000000000000000000000000000000000000000000000000000000000000000000000000000000000000000000000000000000000000000000000000000000000000000000000          000000000000000000000000000000000000000000000000  00000083
70000000000000000011550004908490115004                         0049084900000018710000099   00000000000000 0103270619                              000000000000019036008501155990000000000000000000000000000000000000000000000000000000000000000000000000000000000000000000000000000000000000000000000000000000000000000000000000000000000000          000000000000000000000000000000000000000000000000  00000084
70000000000000000011550004908490115004                         0049084900000018810000099   00000000000000 0103270619                              000000000000019782608501155990000000000000000000000000000000000000000000000000000000000000000000000000000000000000000000000000000000000000000000000000000000000000000000000000000000000000          000000000000000000000000000000000000000000000000  00000085
70000000000000000011550004908490115004                         0049084900000018910000099   00000000000000 0103270619                              000000000000005864808501155990000000000000000000000000000000000000000000000000000000000000000000000000000000000000000000000000000000000000000000000000000000000000000000000000000000000000          000000000000000000000000000000000000000000000000  00000086
70000000000000000011550004908490115004                         0049084900000019010000099   00000000000000 0103270619                              000000000000016940608501155990000000000000000000000000000000000000000000000000000000000000000000000000000000000000000000000000000000000000000000000000000000000000000000000000000000000000          000000000000000000000000000000000000000000000000  00000087
70000000000000000011550004908490115004                         0049084900000019110000099   00000000000000 0103270619                              000000000000015375008501155990000000000000000000000000000000000000000000000000000000000000000000000000000000000000000000000000000000000000000000000000000000000000000000000000000000000000          000000000000000000000000000000000000000000000000  00000088
70000000000000000011550004908490115004                         0049084900000019210000099   00000000000000 0103270619                              000000000000016940608501155990000000000000000000000000000000000000000000000000000000000000000000000000000000000000000000000000000000000000000000000000000000000000000000000000000000000000          000000000000000000000000000000000000000000000000  00000089
70000000000000000011550004908490115004                         0049084900000019310000099   00000000000000 0103270619                              000000000000009709008501155990000000000000000000000000000000000000000000000000000000000000000000000000000000000000000000000000000000000000000000000000000000000000000000000000000000000000          000000000000000000000000000000000000000000000000  00000090
70000000000000000011550004908490115004                         0049084900000019410000099   00000000000000 0103270619                              000000000000013286008501155990000000000000000000000000000000000000000000000000000000000000000000000000000000000000000000000000000000000000000000000000000000000000000000000000000000000000          000000000000000000000000000000000000000000000000  00000091
70000000000000000011550004908490115004                         0049084900000019510000099   00000000000000 0103270619                              000000000000013286008501155990000000000000000000000000000000000000000000000000000000000000000000000000000000000000000000000000000000000000000000000000000000000000000000000000000000000000          000000000000000000000000000000000000000000000000  00000092
70000000000000000011550004908490115004                         0049084900000019610000099   00000000000000 0103270619                              000000000000013286008501155990000000000000000000000000000000000000000000000000000000000000000000000000000000000000000000000000000000000000000000000000000000000000000000000000000000000000          000000000000000000000000000000000000000000000000  00000093
70000000000000000011550004908490115004                         0049084900000019710000099   00000000000000 0103270619                              000000000000010000008501155990000000000000000000000000000000000000000000000000000000000000000000000000000000000000000000000000000000000000000000000000000000000000000000000000000000000000          000000000000000000000000000000000000000000000000  00000094
70000000000000000011550004908490115004                         0049084900000019810000099   00000000000000 0103270619                              000000000000016940608501155990000000000000000000000000000000000000000000000000000000000000000000000000000000000000000000000000000000000000000000000000000000000000000000000000000000000000          000000000000000000000000000000000000000000000000  00000095
9201001          000000580000001071339300000000          000000000000000000000000000000          000000000000000000000000000000          000000000000000000000000000000                                                  000000000000000000000000000000                                                                                                                                                   000096
