02RETORNO01COBRANCA       01155000466581000000PLANNER CONTABILIDADE E AUDITO085COOPERATIVA DE 1708190000093                                          0115004                                                                                                                                                                                                                                              000001
70000000000000000011550004665810115004DOC5302                  0046658100000087510000001   00000000000000 0106160819DOC5302                       050819000000004750000124953011908190000184000000000000000000000000000000000000000000000000000000000000000000000000000000000000000121100000000000000000000000000000000004871100000000000000          000000000000000000000000000000000000000000000000  02000002
9201001          000000770000000531031200000000          000000000000000000000000000000          000000000000000000000000000000          000000000000000000000000000000                                                  000000000000000000000000000000                                                                                                                                                   000003
