02RETORNO01COBRANCA       01155000490318000000PLANNER INTELIGENCIA CONTABIL 085COOPERATIVA DE 3005190000030                                          0115004                                                                                                                                                                                                                                              000001
70000000000000000011550004903180115004DOC433                   0049031800000010310000050   00000000000000 0102290519DOC433                        100619000000006026408501155010000000000000000000000000000000000000000000000000000000000000000000000000000000000000000000000000000000000000000000000000000000000000000000000000000000000000          000000000000000000000000000000000000000000000000  00000002
70000000000000000011550004903180115004DOC434                   0049031800000010410000000   00000000000000 0102290519DOC434                        100619000000042444608501155010000000000000000000000000000000000000000000000000000000000000000000000000000000000000000000000000000000000000000000000000000000000000000000000000000000000000          000000000000000000000000000000000000000000000000  00000003
70000000000000000011550004903180115004DOC435                   0049031800000010510000050   00000000000000 0102290519DOC435                        100619000000006000008501155010000000000000000000000000000000000000000000000000000000000000000000000000000000000000000000000000000000000000000000000000000000000000000000000000000000000000          000000000000000000000000000000000000000000000000  00000004
70000000000000000011550004903180115004DOC436                   0049031800000010610000050   00000000000000 0102290519DOC436                        150619000000003300008501155010000000000000000000000000000000000000000000000000000000000000000000000000000000000000000000000000000000000000000000000000000000000000000000000000000000000000          000000000000000000000000000000000000000000000000  00000005
70000000000000000011550004903180115004DOC437                   0049031800000010710000050   00000000000000 0102290519DOC437                        130619000000015716608501155010000000000000000000000000000000000000000000000000000000000000000000000000000000000000000000000000000000000000000000000000000000000000000000000000000000000000          000000000000000000000000000000000000000000000000  00000006
70000000000000000011550004903180115004DOC438                   0049031800000010810000000   00000000000000 0102290519DOC438                        150619000000000800008501155010000000000000000000000000000000000000000000000000000000000000000000000000000000000000000000000000000000000000000000000000000000000000000000000000000000000000          000000000000000000000000000000000000000000000000  00000007
70000000000000000011550004903180115004DOC439                   0049031800000010910000000   00000000000000 0102290519DOC439                        100619000000007768508501155010000000000000000000000000000000000000000000000000000000000000000000000000000000000000000000000000000000000000000000000000000000000000000000000000000000000000          000000000000000000000000000000000000000000000000  00000008
70000000000000000011550004903180115004DOC440                   0049031800000011010000050   00000000000000 0102290519DOC440                        100619000000010639608501155010000000000000000000000000000000000000000000000000000000000000000000000000000000000000000000000000000000000000000000000000000000000000000000000000000000000000          000000000000000000000000000000000000000000000000  00000009
70000000000000000011550004903180115004DOC441                   0049031800000011110000000   00000000000000 0102290519DOC441                        100619000000003359808501155010000000000000000000000000000000000000000000000000000000000000000000000000000000000000000000000000000000000000000000000000000000000000000000000000000000000000          000000000000000000000000000000000000000000000000  00000010
70000000000000000011550004903180115004DOC442                   0049031800000011210000000   00000000000000 0102290519DOC442                        100619000000003563508501155010000000000000000000000000000000000000000000000000000000000000000000000000000000000000000000000000000000000000000000000000000000000000000000000000000000000000          000000000000000000000000000000000000000000000000  00000011
70000000000000000011550004903180115004DOC443                   0049031800000011310000000   00000000000000 0102290519DOC443                        100619000000007114208501155010000000000000000000000000000000000000000000000000000000000000000000000000000000000000000000000000000000000000000000000000000000000000000000000000000000000000          000000000000000000000000000000000000000000000000  00000012
70000000000000000011550004903180115004DOC444                   0049031800000011410000000   00000000000000 0102290519DOC444                        150619000000002750008501155010000000000000000000000000000000000000000000000000000000000000000000000000000000000000000000000000000000000000000000000000000000000000000000000000000000000000          000000000000000000000000000000000000000000000000  00000013
70000000000000000011550004903180115004DOC445                   0049031800000011510000000   00000000000000 0102290519DOC445                        100619000000002787408501155010000000000000000000000000000000000000000000000000000000000000000000000000000000000000000000000000000000000000000000000000000000000000000000000000000000000000          000000000000000000000000000000000000000000000000  00000014
70000000000000000011550004903180115004DOC446-1                 0049031800000011610000050   00000000000000 0102290519DOC446-1                      100619000000014850008501155010000000000000000000000000000000000000000000000000000000000000000000000000000000000000000000000000000000000000000000000000000000000000000000000000000000000000          000000000000000000000000000000000000000000000000  00000015
70000000000000000011550004903180115004DOC446-2                 0049031800000011710000050   00000000000000 0102290519DOC446-2                      250619000000014850008501155010000000000000000000000000000000000000000000000000000000000000000000000000000000000000000000000000000000000000000000000000000000000000000000000000000000000000          000000000000000000000000000000000000000000000000  00000016
70000000000000000011550004903180115004DOC447                   0049031800000011810000050   00000000000000 0102290519DOC447                        100619000000036957008501155010000000000000000000000000000000000000000000000000000000000000000000000000000000000000000000000000000000000000000000000000000000000000000000000000000000000000          000000000000000000000000000000000000000000000000  00000017
70000000000000000011550004903180115004DOC448                   0049031800000011910000050   00000000000000 0102290519DOC448                        100619000000006803508501155010000000000000000000000000000000000000000000000000000000000000000000000000000000000000000000000000000000000000000000000000000000000000000000000000000000000000          000000000000000000000000000000000000000000000000  00000018
70000000000000000011550004903180115004DOC449                   0049031800000012010000050   00000000000000 0102290519DOC449                        100619000000006803508501155010000000000000000000000000000000000000000000000000000000000000000000000000000000000000000000000000000000000000000000000000000000000000000000000000000000000000          000000000000000000000000000000000000000000000000  00000019
70000000000000000011550004903180115004DOC450                   0049031800000012110000050   00000000000000 0102290519DOC450                        100619000000002799908501155010000000000000000000000000000000000000000000000000000000000000000000000000000000000000000000000000000000000000000000000000000000000000000000000000000000000000          000000000000000000000000000000000000000000000000  00000020
70000000000000000011550004903180115004DOC451                   0049031800000012210000000   00000000000000 0102290519DOC451                        100619000000002750008501155010000000000000000000000000000000000000000000000000000000000000000000000000000000000000000000000000000000000000000000000000000000000000000000000000000000000000          000000000000000000000000000000000000000000000000  00000021
70000000000000000011550004903180115004DOC452                   0049031800000012310000000   00000000000000 0102290519DOC452                        100619000000016560008501155010000000000000000000000000000000000000000000000000000000000000000000000000000000000000000000000000000000000000000000000000000000000000000000000000000000000000          000000000000000000000000000000000000000000000000  00000022
70000000000000000011550004903180115004DOC453                   0049031800000012410000000   00000000000000 0102290519DOC453                        100619000000000560008501155010000000000000000000000000000000000000000000000000000000000000000000000000000000000000000000000000000000000000000000000000000000000000000000000000000000000000          000000000000000000000000000000000000000000000000  00000023
70000000000000000011550004903180115004DOC454                   0049031800000012510000000   00000000000000 0102290519DOC454                        100619000000002799908501155010000000000000000000000000000000000000000000000000000000000000000000000000000000000000000000000000000000000000000000000000000000000000000000000000000000000000          000000000000000000000000000000000000000000000000  00000024
70000000000000000011550004903180115004DOC455                   0049031800000012610000000   00000000000000 0102290519DOC455                        100619000000003000008501155010000000000000000000000000000000000000000000000000000000000000000000000000000000000000000000000000000000000000000000000000000000000000000000000000000000000000          000000000000000000000000000000000000000000000000  00000025
70000000000000000011550004903180115004DOC456                   0049031800000012710000000   00000000000000 0102290519DOC456                        100619000000010494008501155010000000000000000000000000000000000000000000000000000000000000000000000000000000000000000000000000000000000000000000000000000000000000000000000000000000000000          000000000000000000000000000000000000000000000000  00000026
70000000000000000011550004903180115004DOC457                   0049031800000012810000050   00000000000000 0102290519DOC457                        220619000000005599808501155010000000000000000000000000000000000000000000000000000000000000000000000000000000000000000000000000000000000000000000000000000000000000000000000000000000000000          000000000000000000000000000000000000000000000000  00000027
70000000000000000011550004903180115004DOC458                   0049031800000012910000050   00000000000000 0102290519DOC458                        100619000000002500008501155010000000000000000000000000000000000000000000000000000000000000000000000000000000000000000000000000000000000000000000000000000000000000000000000000000000000000          000000000000000000000000000000000000000000000000  00000028
70000000000000000011550004903180115004DOC459                   0049031800000013010000000   00000000000000 0102290519DOC459                        100619000000002799908501155010000000000000000000000000000000000000000000000000000000000000000000000000000000000000000000000000000000000000000000000000000000000000000000000000000000000000          000000000000000000000000000000000000000000000000  00000029
70000000000000000011550004903180115004DOC460                   0049031800000013110000000   00000000000000 0102290519DOC460                        100619000000003850008501155010000000000000000000000000000000000000000000000000000000000000000000000000000000000000000000000000000000000000000000000000000000000000000000000000000000000000          000000000000000000000000000000000000000000000000  00000030
70000000000000000011550004903180115004DOC461                   0049031800000013210000000   00000000000000 0102290519DOC461                        200619000000002943808501155010000000000000000000000000000000000000000000000000000000000000000000000000000000000000000000000000000000000000000000000000000000000000000000000000000000000000          000000000000000000000000000000000000000000000000  00000031
70000000000000000011550004903180115004DOC462                   0049031800000013310000000   00000000000000 0102290519DOC462                        100619000000006600008501155010000000000000000000000000000000000000000000000000000000000000000000000000000000000000000000000000000000000000000000000000000000000000000000000000000000000000          000000000000000000000000000000000000000000000000  00000032
70000000000000000011550004903180115004DOC463                   0049031800000013410000000   00000000000000 0102290519DOC463                        100619000000006600008501155010000000000000000000000000000000000000000000000000000000000000000000000000000000000000000000000000000000000000000000000000000000000000000000000000000000000000          000000000000000000000000000000000000000000000000  00000033
70000000000000000011550004903180115004DOC464                   0049031800000013510000000   00000000000000 0102290519DOC464                        120619000000002750008501155010000000000000000000000000000000000000000000000000000000000000000000000000000000000000000000000000000000000000000000000000000000000000000000000000000000000000          000000000000000000000000000000000000000000000000  00000034
70000000000000000011550004903180115004DOC465                   0049031800000013610000000   00000000000000 0102290519DOC465                        120619000000006600008501155010000000000000000000000000000000000000000000000000000000000000000000000000000000000000000000000000000000000000000000000000000000000000000000000000000000000000          000000000000000000000000000000000000000000000000  00000035
70000000000000000011550004903180115004DOC466                   0049031800000013710000000   00000000000000 0102290519DOC466                        120619000000003850008501155010000000000000000000000000000000000000000000000000000000000000000000000000000000000000000000000000000000000000000000000000000000000000000000000000000000000000          000000000000000000000000000000000000000000000000  00000036
70000000000000000011550004903180115004DOC467                   0049031800000013810000000   00000000000000 0102290519DOC467                        120619000000003850008501155010000000000000000000000000000000000000000000000000000000000000000000000000000000000000000000000000000000000000000000000000000000000000000000000000000000000000          000000000000000000000000000000000000000000000000  00000037
70000000000000000011550004903180115004DOC468                   0049031800000013910000000   00000000000000 0102290519DOC468                        050619000000004180008501155010000000000000000000000000000000000000000000000000000000000000000000000000000000000000000000000000000000000000000000000000000000000000000000000000000000000000          000000000000000000000000000000000000000000000000  00000038
70000000000000000011550004903180115004DOC469                   0049031800000014010000000   00000000000000 0102290519DOC469                        100619000000002562508501155010000000000000000000000000000000000000000000000000000000000000000000000000000000000000000000000000000000000000000000000000000000000000000000000000000000000000          000000000000000000000000000000000000000000000000  00000039
70000000000000000011550004903180115004DOC470                   0049031800000014110000000   00000000000000 0102290519DOC470                        050619000000009900008501155010000000000000000000000000000000000000000000000000000000000000000000000000000000000000000000000000000000000000000000000000000000000000000000000000000000000000          000000000000000000000000000000000000000000000000  00000040
70000000000000000011550004903180115004DOC471                   0049031800000014210000000   00000000000000 0102290519DOC471                        050619000000008160008501155010000000000000000000000000000000000000000000000000000000000000000000000000000000000000000000000000000000000000000000000000000000000000000000000000000000000000          000000000000000000000000000000000000000000000000  00000041
70000000000000000011550004903180115004DOC472                   0049031800000014310000050   00000000000000 0102290519DOC472                        150619000000004400008501155010000000000000000000000000000000000000000000000000000000000000000000000000000000000000000000000000000000000000000000000000000000000000000000000000000000000000          000000000000000000000000000000000000000000000000  00000042
70000000000000000011550004903180115004DOC473                   0049031800000014410000000   00000000000000 0102290519DOC473                        050619000000002200008501155010000000000000000000000000000000000000000000000000000000000000000000000000000000000000000000000000000000000000000000000000000000000000000000000000000000000000          000000000000000000000000000000000000000000000000  00000043
70000000000000000011550004903180115004DOC474                   0049031800000014510000000   00000000000000 0102290519DOC474                        200619000000005247008501155010000000000000000000000000000000000000000000000000000000000000000000000000000000000000000000000000000000000000000000000000000000000000000000000000000000000000          000000000000000000000000000000000000000000000000  00000044
70000000000000000011550004903180115004DOC475                   0049031800000014610000000   00000000000000 0102290519DOC475                        050619000000004500008501155010000000000000000000000000000000000000000000000000000000000000000000000000000000000000000000000000000000000000000000000000000000000000000000000000000000000000          000000000000000000000000000000000000000000000000  00000045
70000000000000000011550004903180115004DOC476                   0049031800000014710000000   00000000000000 0102290519DOC476                        050619000000003500008501155010000000000000000000000000000000000000000000000000000000000000000000000000000000000000000000000000000000000000000000000000000000000000000000000000000000000000          000000000000000000000000000000000000000000000000  00000046
70000000000000000011550004903180115004DOC477                   0049031800000014810000000   00000000000000 0102290519DOC477                        220619000000003500008501155010000000000000000000000000000000000000000000000000000000000000000000000000000000000000000000000000000000000000000000000000000000000000000000000000000000000000          000000000000000000000000000000000000000000000000  00000047
70000000000000000011550004903180115004DOC478                   0049031800000014910000050   00000000000000 0102290519DOC478                        220619000000014000008501155010000000000000000000000000000000000000000000000000000000000000000000000000000000000000000000000000000000000000000000000000000000000000000000000000000000000000          000000000000000000000000000000000000000000000000  00000048
70000000000000000011550004903180115004DOC479                   0049031800000015010000000   00000000000000 0102290519DOC479                        070619000000004600008501155010000000000000000000000000000000000000000000000000000000000000000000000000000000000000000000000000000000000000000000000000000000000000000000000000000000000000          000000000000000000000000000000000000000000000000  00000049
70000000000000000011550004903180115004DOC480                   0049031800000015110000000   00000000000000 0102290519DOC480                        100619000000000450008501155010000000000000000000000000000000000000000000000000000000000000000000000000000000000000000000000000000000000000000000000000000000000000000000000000000000000000          000000000000000000000000000000000000000000000000  00000050
70000000000000000011550004903180115004DOC481                   0049031800000015210000000   00000000000000 0102290519DOC481                        150619000000023500008501155010000000000000000000000000000000000000000000000000000000000000000000000000000000000000000000000000000000000000000000000000000000000000000000000000000000000000          000000000000000000000000000000000000000000000000  00000051
70000000000000000011550004903180115004DOC482                   0049031800000015310000000   00000000000000 0102290519DOC482                        050619000000005000008501155010000000000000000000000000000000000000000000000000000000000000000000000000000000000000000000000000000000000000000000000000000000000000000000000000000000000000          000000000000000000000000000000000000000000000000  00000052
70000000000000000011550004903180115004DOC483                   0049031800000015410000050   00000000000000 0102290519DOC483                        050619000000015000008501155010000000000000000000000000000000000000000000000000000000000000000000000000000000000000000000000000000000000000000000000000000000000000000000000000000000000000          000000000000000000000000000000000000000000000000  00000053
70000000000000000011550004903180115004DOC484                   0049031800000015510000000   00000000000000 0102290519DOC484                        050619000000004000008501155010000000000000000000000000000000000000000000000000000000000000000000000000000000000000000000000000000000000000000000000000000000000000000000000000000000000000          000000000000000000000000000000000000000000000000  00000054
70000000000000000011550004903180115004DOC465                   0049031800000013610000000   00000000000000 0131290519DOC465                        120619000000006600008501155010000000000100000000000000000000000000000000000000000000000000000000000000079910000000000000000000000000000000000000000000000000000000000000000000000000000000          000000000000000000000000000000000000000000000000  00000055
9201001          000000640000000459099400000000          000000000000000000000000000000          000000000000000000000000000000          000000000000000000000000000000                                                  000000000000000000000000000000                                                                                                                                                   000056
