02RETORNO01COBRANCA       01155000490318000000PLANNER INTELIGENCIA CONTABIL 085COOPERATIVA DE 1306190000038                                          0115004                                                                                                                                                                                                                                              000001
70000000000000000011550004903180115004DOC460                   0049031800000013110000001   00000000000000 0106120619DOC460                        100619000000003850034165706011306190000184000000000000000000000000000000000000000000000000000000000000000000000000000000000000000080800000000000000000000000000000000003930800000000000000          000000000000000000000000000000000000000000000000  02000002
70000000000000000011550004903180115004DOC440                   0049031800000011010000001   00000000000000 0106120619DOC440                        100619000000010639623703816011306190000184000000000000000000000000000000000000000000000000000000000000000000000000000000000000000223300000000000000000000000000000000010862900000000000000          000000000000000000000000000000000000000000000000  02000003
70000000000000000011550004903180115004DOC466                   0049031800000013710000001   00000000000000 0106120619DOC466                        120619000000003850008501015011306190000100000000000000000000000000000000000000000000000000000000000000000000000000000000000000000000000000000000000000000000000000000003850000000000000000          000000000000000000000000000000000000000000000000  02000004
70000000000000000011550004903180115004DOC467                   0049031800000013810000001   00000000000000 0106120619DOC467                        120619000000003850008501015011306190000100000000000000000000000000000000000000000000000000000000000000000000000000000000000000000000000000000000000000000000000000000003850000000000000000          000000000000000000000000000000000000000000000000  02000005
9201001          000000240000000176595200000000          000000000000000000000000000000          000000000000000000000000000000          000000000000000000000000000000                                                  000000000000000000000000000000                                                                                                                                                   000006
