02RETORNO01COBRANCA       01155000490849000000PLANNER SOLUCOES EMPRESARIAIS 085COOPERATIVA DE 3107190000067                                          0115004                                                                                                                                                                                                                                              000001
70000000000000000011550004908490115004DOC1865                  0049084900000020110000050   00000000000000 0102300719DOC1865                       050819000000005887308501155010000000000000000000000000000000000000000000000000000000000000000000000000000000000000000000000000000000000000000000000000000000000000000000000000000000000000          000000000000000000000000000000000000000000000000  00000002
70000000000000000011550004908490115004DOC1866                  0049084900000020210000050   00000000000000 0102300719DOC1866                       050819000000010933208501155010000000000000000000000000000000000000000000000000000000000000000000000000000000000000000000000000000000000000000000000000000000000000000000000000000000000000          000000000000000000000000000000000000000000000000  00000003
70000000000000000011550004908490115004DOC1867                  0049084900000020310000050   00000000000000 0102300719DOC1867                       100819000000012785408501155010000000000000000000000000000000000000000000000000000000000000000000000000000000000000000000000000000000000000000000000000000000000000000000000000000000000000          000000000000000000000000000000000000000000000000  00000004
70000000000000000011550004908490115004DOC1868                  0049084900000020410000050   00000000000000 0102300719DOC1868                       100819000000012219708501155010000000000000000000000000000000000000000000000000000000000000000000000000000000000000000000000000000000000000000000000000000000000000000000000000000000000000          000000000000000000000000000000000000000000000000  00000005
70000000000000000011550004908490115004DOC1869                  0049084900000020510000050   00000000000000 0102300719DOC1869                       050819000000025550008501155010000000000000000000000000000000000000000000000000000000000000000000000000000000000000000000000000000000000000000000000000000000000000000000000000000000000000          000000000000000000000000000000000000000000000000  00000006
70000000000000000011550004908490115004DOC1870                  0049084900000020610000000   00000000000000 0102300719DOC1870                       250819000000014075608501155010000000000000000000000000000000000000000000000000000000000000000000000000000000000000000000000000000000000000000000000000000000000000000000000000000000000000          000000000000000000000000000000000000000000000000  00000007
70000000000000000011550004908490115004DOC1871                  0049084900000020710000000   00000000000000 0102300719DOC1871                       050819000000006302808501155010000000000000000000000000000000000000000000000000000000000000000000000000000000000000000000000000000000000000000000000000000000000000000000000000000000000000          000000000000000000000000000000000000000000000000  00000008
70000000000000000011550004908490115004DOC1872                  0049084900000020810000050   00000000000000 0102300719DOC1872                       050819000000041054008501155010000000000000000000000000000000000000000000000000000000000000000000000000000000000000000000000000000000000000000000000000000000000000000000000000000000000000          000000000000000000000000000000000000000000000000  00000009
70000000000000000011550004908490115004DOC1873                  0049084900000020910000050   00000000000000 0102300719DOC1873                       130819000000021939808501155010000000000000000000000000000000000000000000000000000000000000000000000000000000000000000000000000000000000000000000000000000000000000000000000000000000000000          000000000000000000000000000000000000000000000000  00000010
70000000000000000011550004908490115004DOC1874                  0049084900000021010000050   00000000000000 0102300719DOC1874                       050819000000029324408501155010000000000000000000000000000000000000000000000000000000000000000000000000000000000000000000000000000000000000000000000000000000000000000000000000000000000000          000000000000000000000000000000000000000000000000  00000011
70000000000000000011550004908490115004DOC1875                  0049084900000021110000000   00000000000000 0102300719DOC1875                       050819000000024500008501155010000000000000000000000000000000000000000000000000000000000000000000000000000000000000000000000000000000000000000000000000000000000000000000000000000000000000          000000000000000000000000000000000000000000000000  00000012
70000000000000000011550004908490115004DOC1876                  0049084900000021210000050   00000000000000 0102300719DOC1876                       050819000000008712508501155010000000000000000000000000000000000000000000000000000000000000000000000000000000000000000000000000000000000000000000000000000000000000000000000000000000000000          000000000000000000000000000000000000000000000000  00000013
70000000000000000011550004908490115004DOC1877                  0049084900000021310000050   00000000000000 0102300719DOC1877                       050819000000022000008501155010000000000000000000000000000000000000000000000000000000000000000000000000000000000000000000000000000000000000000000000000000000000000000000000000000000000000          000000000000000000000000000000000000000000000000  00000014
70000000000000000011550004908490115004DOC1878                  0049084900000021410000050   00000000000000 0102300719DOC1878                       050819000000020440008501155010000000000000000000000000000000000000000000000000000000000000000000000000000000000000000000000000000000000000000000000000000000000000000000000000000000000000          000000000000000000000000000000000000000000000000  00000015
70000000000000000011550004908490115004DOC1879                  0049084900000021510000050   00000000000000 0102300719DOC1879                       050819000000024000008501155010000000000000000000000000000000000000000000000000000000000000000000000000000000000000000000000000000000000000000000000000000000000000000000000000000000000000          000000000000000000000000000000000000000000000000  00000016
70000000000000000011550004908490115004DOC1880                  0049084900000021610000000   00000000000000 0102300719DOC1880                       050819000000027000008501155010000000000000000000000000000000000000000000000000000000000000000000000000000000000000000000000000000000000000000000000000000000000000000000000000000000000000          000000000000000000000000000000000000000000000000  00000017
70000000000000000011550004908490115004DOC1881                  0049084900000021710000050   00000000000000 0102300719DOC1881                       050819000000028000008501155010000000000000000000000000000000000000000000000000000000000000000000000000000000000000000000000000000000000000000000000000000000000000000000000000000000000000          000000000000000000000000000000000000000000000000  00000018
70000000000000000011550004908490115004DOC1882                  0049084900000021810000050   00000000000000 0102300719DOC1882                       050819000000012000008501155010000000000000000000000000000000000000000000000000000000000000000000000000000000000000000000000000000000000000000000000000000000000000000000000000000000000000          000000000000000000000000000000000000000000000000  00000019
70000000000000000011550004908490115004DOC1883                  0049084900000021910000050   00000000000000 0102300719DOC1883                       050819000000047000008501155010000000000000000000000000000000000000000000000000000000000000000000000000000000000000000000000000000000000000000000000000000000000000000000000000000000000000          000000000000000000000000000000000000000000000000  00000020
70000000000000000011550004908490115004DOC1884                  0049084900000022010000050   00000000000000 0102300719DOC1884                       050819000000006000008501155010000000000000000000000000000000000000000000000000000000000000000000000000000000000000000000000000000000000000000000000000000000000000000000000000000000000000          000000000000000000000000000000000000000000000000  00000021
70000000000000000011550004908490115004DOC1885                  0049084900000022110000050   00000000000000 0102300719DOC1885                       230819000000005534808501155010000000000000000000000000000000000000000000000000000000000000000000000000000000000000000000000000000000000000000000000000000000000000000000000000000000000000          000000000000000000000000000000000000000000000000  00000022
70000000000000000011550004908490115004DOC1886                  0049084900000022210000000   00000000000000 0102300719DOC1886                       100819000000025000008501155010000000000000000000000000000000000000000000000000000000000000000000000000000000000000000000000000000000000000000000000000000000000000000000000000000000000000          000000000000000000000000000000000000000000000000  00000023
70000000000000000011550004908490115004DOC1887                  0049084900000022310000050   00000000000000 0102300719DOC1887                       150819000000029324408501155010000000000000000000000000000000000000000000000000000000000000000000000000000000000000000000000000000000000000000000000000000000000000000000000000000000000000          000000000000000000000000000000000000000000000000  00000024
70000000000000000011550004908490115004DOC1888                  0049084900000022410000050   00000000000000 0102300719DOC1888                       180819000000026000008501155010000000000000000000000000000000000000000000000000000000000000000000000000000000000000000000000000000000000000000000000000000000000000000000000000000000000000          000000000000000000000000000000000000000000000000  00000025
70000000000000000011550004908490115004DOC1889                  0049084900000022510000000   00000000000000 0102300719DOC1889                       050819000000022000008501155010000000000000000000000000000000000000000000000000000000000000000000000000000000000000000000000000000000000000000000000000000000000000000000000000000000000000          000000000000000000000000000000000000000000000000  00000026
70000000000000000011550004908490115004DOC1890                  0049084900000022610000050   00000000000000 0102300719DOC1890                       150819000000045000008501155010000000000000000000000000000000000000000000000000000000000000000000000000000000000000000000000000000000000000000000000000000000000000000000000000000000000000          000000000000000000000000000000000000000000000000  00000027
70000000000000000011550004908490115004DOC1891                  0049084900000022710000000   00000000000000 0102300719DOC1891                       050819000000005250008501155010000000000000000000000000000000000000000000000000000000000000000000000000000000000000000000000000000000000000000000000000000000000000000000000000000000000000          000000000000000000000000000000000000000000000000  00000028
70000000000000000011550004908490115004DOC1892                  0049084900000022810000050   00000000000000 0102300719DOC1892                       280819000000025000008501155010000000000000000000000000000000000000000000000000000000000000000000000000000000000000000000000000000000000000000000000000000000000000000000000000000000000000          000000000000000000000000000000000000000000000000  00000029
70000000000000000011550004908490115004DOC1893                  0049084900000022910000000   00000000000000 0102300719DOC1893                       100819000000012000008501155010000000000000000000000000000000000000000000000000000000000000000000000000000000000000000000000000000000000000000000000000000000000000000000000000000000000000          000000000000000000000000000000000000000000000000  00000030
70000000000000000011550004908490115004DOC1894                  0049084900000023010000050   00000000000000 0102300719DOC1894                       100819000000025000008501155010000000000000000000000000000000000000000000000000000000000000000000000000000000000000000000000000000000000000000000000000000000000000000000000000000000000000          000000000000000000000000000000000000000000000000  00000031
70000000000000000011550004908490115004DOC1895                  0049084900000023110000000   00000000000000 0102300719DOC1895                       150819000000040000008501155010000000000000000000000000000000000000000000000000000000000000000000000000000000000000000000000000000000000000000000000000000000000000000000000000000000000000          000000000000000000000000000000000000000000000000  00000032
70000000000000000011550004908490115004DOC1896                  0049084900000023210000050   00000000000000 0102300719DOC1896                       150819000000020625008501155010000000000000000000000000000000000000000000000000000000000000000000000000000000000000000000000000000000000000000000000000000000000000000000000000000000000000          000000000000000000000000000000000000000000000000  00000033
70000000000000000011550004908490115004DOC1897                  0049084900000023310000050   00000000000000 0102300719DOC1897                       150819000000029500008501155010000000000000000000000000000000000000000000000000000000000000000000000000000000000000000000000000000000000000000000000000000000000000000000000000000000000000          000000000000000000000000000000000000000000000000  00000034
70000000000000000011550004908490115004DOC1898                  0049084900000023410000050   00000000000000 0102300719DOC1898                       050819000000025000008501155010000000000000000000000000000000000000000000000000000000000000000000000000000000000000000000000000000000000000000000000000000000000000000000000000000000000000          000000000000000000000000000000000000000000000000  00000035
70000000000000000011550004908490115004DOC1098                  0049084900000023510000000   00000000000000 0102300719DOC1098                       080819000000002781308501155010000000000000000000000000000000000000000000000000000000000000000000000000000000000000000000000000000000000000000000000000000000000000000000000000000000000000          000000000000000000000000000000000000000000000000  00000036
70000000000000000011550004908490115004DOC1099                  0049084900000023610000000   00000000000000 0102300719DOC1099                       050819000000023013708501155010000000000000000000000000000000000000000000000000000000000000000000000000000000000000000000000000000000000000000000000000000000000000000000000000000000000000          000000000000000000000000000000000000000000000000  00000037
70000000000000000011550004908490115004DOC1100                  0049084900000023710000050   00000000000000 0102300719DOC1100                       150819000000019036008501155010000000000000000000000000000000000000000000000000000000000000000000000000000000000000000000000000000000000000000000000000000000000000000000000000000000000000          000000000000000000000000000000000000000000000000  00000038
70000000000000000011550004908490115004DOC1101                  0049084900000023810000000   00000000000000 0102300719DOC1101                       100819000000019782608501155010000000000000000000000000000000000000000000000000000000000000000000000000000000000000000000000000000000000000000000000000000000000000000000000000000000000000          000000000000000000000000000000000000000000000000  00000039
70000000000000000011550004908490115004DOC1102                  0049084900000023910000050   00000000000000 0102300719DOC1102                       120819000000005864808501155010000000000000000000000000000000000000000000000000000000000000000000000000000000000000000000000000000000000000000000000000000000000000000000000000000000000000          000000000000000000000000000000000000000000000000  00000040
70000000000000000011550004908490115004DOC1103                  0049084900000024010000000   00000000000000 0102300719DOC1103                       050819000000016940608501155010000000000000000000000000000000000000000000000000000000000000000000000000000000000000000000000000000000000000000000000000000000000000000000000000000000000000          000000000000000000000000000000000000000000000000  00000041
70000000000000000011550004908490115004DOC1104                  0049084900000024110000050   00000000000000 0102300719DOC1104                       050819000000015713308501155010000000000000000000000000000000000000000000000000000000000000000000000000000000000000000000000000000000000000000000000000000000000000000000000000000000000000          000000000000000000000000000000000000000000000000  00000042
70000000000000000011550004908490115004DOC1105                  0049084900000024210000050   00000000000000 0102300719DOC1105                       050819000000016940608501155010000000000000000000000000000000000000000000000000000000000000000000000000000000000000000000000000000000000000000000000000000000000000000000000000000000000000          000000000000000000000000000000000000000000000000  00000043
70000000000000000011550004908490115004DOC1106                  0049084900000024310000050   00000000000000 0102300719DOC1106                       050819000000009709008501155010000000000000000000000000000000000000000000000000000000000000000000000000000000000000000000000000000000000000000000000000000000000000000000000000000000000000          000000000000000000000000000000000000000000000000  00000044
70000000000000000011550004908490115004DOC1107                  0049084900000024410000050   00000000000000 0102300719DOC1107                       050819000000013286008501155010000000000000000000000000000000000000000000000000000000000000000000000000000000000000000000000000000000000000000000000000000000000000000000000000000000000000          000000000000000000000000000000000000000000000000  00000045
70000000000000000011550004908490115004DOC1108                  0049084900000024510000050   00000000000000 0102300719DOC1108                       050819000000013286008501155010000000000000000000000000000000000000000000000000000000000000000000000000000000000000000000000000000000000000000000000000000000000000000000000000000000000000          000000000000000000000000000000000000000000000000  00000046
70000000000000000011550004908490115004DOC1109                  0049084900000024610000050   00000000000000 0102300719DOC1109                       050819000000013286008501155010000000000000000000000000000000000000000000000000000000000000000000000000000000000000000000000000000000000000000000000000000000000000000000000000000000000000          000000000000000000000000000000000000000000000000  00000047
70000000000000000011550004908490115004DOC1110                  0049084900000024710000050   00000000000000 0102300719DOC1110                       050819000000010000008501155010000000000000000000000000000000000000000000000000000000000000000000000000000000000000000000000000000000000000000000000000000000000000000000000000000000000000          000000000000000000000000000000000000000000000000  00000048
70000000000000000011550004908490115004DOC1111                  0049084900000024810000000   00000000000000 0102300719DOC1111                       050819000000016940608501155010000000000000000000000000000000000000000000000000000000000000000000000000000000000000000000000000000000000000000000000000000000000000000000000000000000000000          000000000000000000000000000000000000000000000000  00000049
9201001          000000580000001130045800000000          000000000000000000000000000000          000000000000000000000000000000          000000000000000000000000000000                                                  000000000000000000000000000000                                                                                                                                                   000050
