02RETORNO01COBRANCA       01155000466581000000PLANNER CONTABILIDADE E AUDITO085COOPERATIVA DE 1806190000055                                          0115004                                                                                                                                                                                                                                              000001
70000000000000000011550004665810115004DOC4887                  0046658100000048610000001   00000000000000 0106170619DOC4887                       150619000000002811975603530011806190000184000000000000000000000000000000000000000000000000000000000000000000000000000000000000000000000000000000000000000000000000000002811900000000000000          000000000000000000000000000000000000000000000000  08000002
70000000000000000011550004665810115004NFSE4851                 0046658100000045010000001   00000000000000 0106170619NFSE4851                      150619000000436590075630872011806190000184000000000000000000000000000000000000000000000000000000000000000000000000000000000000000000000000000000000000000000000000000436590000000000000000          000000000000000000000000000000000000000000000000  02000003
70000000000000000011550004665810115004NFSE4749                 0046658100000034810000001   00000000000000 0106170619NFSE4749                      150619000000600000075630872011806190000184000000000000000000000000000000000000000000000000000000000000000000000000000000000000000000000000000000000000000000000000000600000000000000000000          000000000000000000000000000000000000000000000000  02000004
70000000000000000011550004665810115004DOC4954                  0046658100000055310000001   00000000000000 0106170619DOC4954                       050619000000003300000124953011806190000184000000000000000000000000000000000000000000000000000000000000000000000000000000000000000085800000000000000000000000000000000003385800000000000000          000000000000000000000000000000000000000000000000  02000005
70000000000000000011550004665810115004DOC4868                  0046658100000046710000001   00000000000000 0106170619DOC4868                       150619000000016412400136331011806190000184000000000000000000000000000000000000000000000000000000000000000000000000000000000000000000000000000000000000000000000000000016412400000000000000          000000000000000000000000000000000000000000000000  05000006
70000000000000000011550004665810115004DOC5007                  0046658100000060610000001   00000000000000 0106170619DOC5007                       150619000000006500000102763011806190000184000000000000000000000000000000000000000000000000000000000000000000000000000000000000000000000000000000000000000000000000000006500000000000000000          000000000000000000000000000000000000000000000000  02000007
70000000000000000011550004665810115004DOC4948                  0046658100000054710000001   00000000000000 0106170619DOC4948                       050619000000007719900124953011806190000184000000000000000000000000000000000000000000000000000000000000000000000000000000000000000200600000000000000000000000000000000007920500000000000000          000000000000000000000000000000000000000000000000  02000008
70000000000000000011550004665810115004DOC4973                  0046658100000057210000000   00000000000000 0114170619DOC4973                       250619000000003850008501155010000000000100000000000000000000000000000000000000000000000000000000000000000000000000000000000000000000000000000000000000000000000000000000000000000000000000          000000000000000000000000000000000000000000000000  00000009
9201001          000000960000000580779400000000          000000000000000000000000000000          000000000000000000000000000000          000000000000000000000000000000                                                  000000000000000000000000000000                                                                                                                                                   000010
