02RETORNO01COBRANCA       01155000490245000000PLANNER SERVICOS DE ADMINISTRA085COOPERATIVA DE 1008190000031                                          0115004                                                                                                                                                                                                                                              000001
70000000000000000011550004902450115004DOC316                   0049024500000252410000001   00000000000000 0106090819DOC316                        090819000000023000008510090011208190000184000000000000000000000000000000000000000000000000000000000000000000000000000000000000000000000000000000000000000000000000000023000000000000000000          000000000000000000000000000000000000000000000000  08000002
9201001          000000090000000208700000000000          000000000000000000000000000000          000000000000000000000000000000          000000000000000000000000000000                                                  000000000000000000000000000000                                                                                                                                                   000003
