02RETORNO01COBRANCA       01155000466581000000PLANNER CONTABILIDADE E AUDITO085COOPERATIVA DE 1607190000071                                          0115004                                                                                                                                                                                                                                              000001
70000000000000000011550004665810115004DOC5077                  0046658100000065310000001   00000000000000 0106150719DOC5077                       150719000000002811975603530011607190000184000000000000000000000000000000000000000000000000000000000000000000000000000000000000000000000000000000000000000000000000000002811900000000000000          000000000000000000000000000000000000000000000000  08000002
70000000000000000011550004665810115004DOC5150                  0046658100000072610000001   00000000000000 0106150719DOC5150                       130719000000002200075630341011607190000184000000000000000000000000000000000000000000000000000000000000000000000000000000000000000000000000000000000000000000000000000002200000000000000000          000000000000000000000000000000000000000000000000  01000003
70000000000000000011550004665810115004DOC5040                  0046658100000061610000001   00000000000000 0106150719DOC5040                       150719000000872900075630872011607190000184000000000000000000000000000000000000000000000000000000000000000000000000000000000000000000000000000000000000000000000000000872900000000000000000          000000000000000000000000000000000000000000000000  02000004
70000000000000000011550004665810115004DOC5058                  0046658100000063410000001   00000000000000 0106150719DOC5058                       150719000000016412400136331011607190000184000000000000000000000000000000000000000000000000000000000000000000000000000000000000000000000000000000000000000000000000000016412400000000000000          000000000000000000000000000000000000000000000000  05000005
70000000000000000011550004665810115004DOC5188                  0046658100000076410000001   00000000000000 0106150719DOC5188                       150719000000040000000102763011607190000184000000000000000000000000000000000000000000000000000000000000000000000000000000000000000000000000000000000000000000000000000040000000000000000000          000000000000000000000000000000000000000000000000  02000006
70000000000000000011550004665810115004DOC5189                  0046658100000076510000001   00000000000000 0106150719DOC5189                       150719000000006500000102763011607190000184000000000000000000000000000000000000000000000000000000000000000000000000000000000000000000000000000000000000000000000000000006500000000000000000          000000000000000000000000000000000000000000000000  02000007
9201001          000000850000000509466500000000          000000000000000000000000000000          000000000000000000000000000000          000000000000000000000000000000                                                  000000000000000000000000000000                                                                                                                                                   000008
