02RETORNO01COBRANCA       01155000490318000000PLANNER INTELIGENCIA CONTABIL 085COOPERATIVA DE 0207190000048                                          0115004                                                                                                                                                                                                                                              000001
70000000000000000011550004903180115004DOC522                   0049031800000019410000001   00000000000000 0106010719DOC522                        050719000000008160008511142010207190000184000000000000000000000000000000000000000000000000000000000000000000000000000000000000000000000000000000000000000000000000000008160000000000000000          000000000000000000000000000000000000000000000000  08000002
9201001          000000650000000432408300000000          000000000000000000000000000000          000000000000000000000000000000          000000000000000000000000000000                                                  000000000000000000000000000000                                                                                                                                                   000003
