02RETORNO01COBRANCA       01155000466581000000PLANNER CONTABILIDADE E AUDITO085COOPERATIVA DE 1106190000050                                          0115004                                                                                                                                                                                                                                              000001
70000000000000000011550004665810115004DOC4938                  0046658100000053710000001   00000000000000 0106100619DOC4938                       120619000000001100008501155011106190000100000000000000000000000000000000000000000000000000000000000000000000000000000000000000000000000000000000000000000000000000000001100000000000000000          000000000000000000000000000000000000000000000000  02000002
70000000000000000011550004665810115004DOC4974                  0046658100000057310000001   00000000000000 0106100619DOC4974                       100619000000015025508501155011106190000100000000000000000000000000000000000000000000000000000000000000000000000000000000000000000000000000000000000000000000000000000015025500000000000000          000000000000000000000000000000000000000000000000  02000003
70000000000000000011550004665810115004DOC4852                  0046658100000045110000001   00000000000000 0106100619DOC4852                       100619000000011406075630341011106190000184000000000000000000000000000000000000000000000000000000000000000000000000000000000000000000000000000000000000000000000000000011406000000000000000          000000000000000000000000000000000000000000000000  02000004
70000000000000000011550004665810115004DOC4998                  0046658100000059710000001   00000000000000 0106100619DOC4998                       100619000000005000013612068011106190000184000000000000000000000000000000000000000000000000000000000000000000000000000000000000000000000000000000000000000000000000000005000000000000000000          000000000000000000000000000000000000000000000000  08000005
70000000000000000011550004665810115004DOC4944                  0046658100000054310000001   00000000000000 0106100619DOC4944                       100619000000002750075630341011106190000184000000000000000000000000000000000000000000000000000000000000000000000000000000000000000000000000000000000000000000000000000002750000000000000000          000000000000000000000000000000000000000000000000  02000006
70000000000000000011550004665810115004DOC4946                  0046658100000054510000001   00000000000000 0106100619DOC4946                       100619000000001980075630341011106190000184000000000000000000000000000000000000000000000000000000000000000000000000000000000000000000000000000000000000000000000000000001980000000000000000          000000000000000000000000000000000000000000000000  02000007
70000000000000000011550004665810115004DOC4862                  0046658100000046110000001   00000000000000 0106100619DOC4862                       100619000000016478075630341011106190000184000000000000000000000000000000000000000000000000000000000000000000000000000000000000000000000000000000000000000000000000000016478000000000000000          000000000000000000000000000000000000000000000000  02000008
70000000000000000011550004665810115004DOC4856                  0046658100000045510000001   00000000000000 0106100619DOC4856                       100619000000038274934184832011106190000184000000000000000000000000000000000000000000000000000000000000000000000000000000000000000000000000000000000000000000000000000038274900000000000000          000000000000000000000000000000000000000000000000  02000009
70000000000000000011550004665810115004DOC4907                  0046658100000050610000001   00000000000000 0106100619DOC4907                       100619000000010609923769450011106190000184000000000000000000000000000000000000000000000000000000000000000000000000000000000000000000000000000000000000000000000000000010609900000000000000          000000000000000000000000000000000000000000000000  08000010
70000000000000000011550004665810115004DOC5004                  0046658100000060310000001   00000000000000 0106100619DOC5004                       100619000000005000075630341011106190000184000000000000000000000000000000000000000000000000000000000000000000000000000000000000000000000000000000000000000000000000000005000000000000000000          000000000000000000000000000000000000000000000000  02000011
70000000000000000011550004665810115004NFSE4832                 0046658100000043110000001   00000000000000 0106100619NFSE4832                      110619000000003612075630694011106190000184000000000000000000000000000000000000000000000000000000000000000000000000000000000000000000000000000000000000000000000000000003612000000000000000          000000000000000000000000000000000000000000000000  02000012
70000000000000000011550004665810115004DOC5008                  0046658100000060710000001   00000000000000 0106100619DOC5008                       100619000000015400075630341011106190000184000000000000000000000000000000000000000000000000000000000000000000000000000000000000000000000000000000000000000000000000000015400000000000000000          000000000000000000000000000000000000000000000000  02000013
70000000000000000011550004665810115004DOC5000                  0046658100000059910000001   00000000000000 0106100619DOC5000                       100619000000005000075630341011106190000184000000000000000000000000000000000000000000000000000000000000000000000000000000000000000000000000000000000000000000000000000005000000000000000000          000000000000000000000000000000000000000000000000  02000014
70000000000000000011550004665810115004DOC4981                  0046658100000058010000001   00000000000000 0106100619DOC4981                       100619000000005247023721490011106190000184000000000000000000000000000000000000000000000000000000000000000000000000000000000000000000000000000000000000000000000000000005247000000000000000          000000000000000000000000000000000000000000000000  01000015
70000000000000000011550004665810115004DOC4861                  0046658100000046010000001   00000000000000 0106100619DOC4861                       100619000000016488223772699011106190000184000000000000000000000000000000000000000000000000000000000000000000000000000000000000000000000000000000000000000000000000000016488200000000000000          000000000000000000000000000000000000000000000000  02000016
70000000000000000011550004665810115004DOC4913                  0046658100000051210000001   00000000000000 0106100619DOC4913                       100619000000005385403312572011106190000184000000000000000000000000000000000000000000000000000000000000000000000000000000000000000000000000000000000000000000000000000005385400000000000000          000000000000000000000000000000000000000000000000  02000017
70000000000000000011550004665810115004DOC4903                  0046658100000050210000001   00000000000000 0106100619DOC4903                       100619000000005057803312572011106190000184000000000000000000000000000000000000000000000000000000000000000000000000000000000000000000000000000000000000000000000000000005057800000000000000          000000000000000000000000000000000000000000000000  02000018
70000000000000000011550004665810115004NFSE4829                 0046658100000042810000001   00000000000000 0106100619NFSE4829                      070619000000001000075630341011106190000184000000000000000000000000000000000000000000000000000000000000000000000000000000000000000021500000000000000000000000000000000001021500000000000000          000000000000000000000000000000000000000000000000  02000019
70000000000000000011550004665810115004DOC4882                  0046658100000048110000001   00000000000000 0106100619DOC4882                       100619000000011109900153570011106190000184000000000000000000000000000000000000000000000000000000000000000000000000000000000000000000000000000000000000000000000000000011109900000000000000          000000000000000000000000000000000000000000000000  02000020
70000000000000000011550004665810115004DOC4870                  0046658100000046910000001   00000000000000 0106100619DOC4870                       100619000000022395500124953011106190000184000000000000000000000000000000000000000000000000000000000000000000000000000000000000000000000000000000000000000000000000000022395500000000000000          000000000000000000000000000000000000000000000000  02000021
70000000000000000011550004665810115004DOC4902                  0046658100000050110000001   00000000000000 0106100619DOC4902                       100619000000010494000125453011106190000184000000000000000000000000000000000000000000000000000000000000000000000000000000000000000000000000000000000000000000000000000010494000000000000000          000000000000000000000000000000000000000000000000  02000022
70000000000000000011550004665810115004DOC4894                  0046658100000049310000001   00000000000000 0106100619DOC4894                       100619000000011000000125453011106190000184000000000000000000000000000000000000000000000000000000000000000000000000000000000000000000000000000000000000000000000000000011000000000000000000          000000000000000000000000000000000000000000000000  02000023
70000000000000000011550004665810115004DOC4859                  0046658100000045810000001   00000000000000 0106100619DOC4859                       100619000000001893810427758011106190000184000000000000000000000000000000000000000000000000000000000000000000000000000000000000000000000000000000000000000000000000000001893800000000000000          000000000000000000000000000000000000000000000000  07000024
70000000000000000011550004665810115004DOC4889                  0046658100000048810000001   00000000000000 0106100619DOC4889                       100619000000002000010404235011106190000184000000000000000000000000000000000000000000000000000000000000000000000000000000000000000000000000000000000000000000000000000002000000000000000000          000000000000000000000000000000000000000000000000  07000025
70000000000000000011550004665810115004DOC4857                  0046658100000045610000001   00000000000000 0106100619DOC4857                       100619000000006312510427758011106190000184000000000000000000000000000000000000000000000000000000000000000000000000000000000000000000000000000000000000000000000000000006312500000000000000          000000000000000000000000000000000000000000000000  07000026
70000000000000000011550004665810115004DOC4884                  0046658100000048310000001   00000000000000 0106100619DOC4884                       100619000000002124310404235011106190000184000000000000000000000000000000000000000000000000000000000000000000000000000000000000000000000000000000000000000000000000000002124300000000000000          000000000000000000000000000000000000000000000000  02000027
70000000000000000011550004665810115004NFSE4832                 0046658100000043110000000   00000000000000 0114100619NFSE4832                      110619000000003612008501155010000000000100000000000000000000000000000000000000000000000000000000000000000000000000000000000000000000000000000000000000000000000000000000000000000000000000          000000000000000000000000000000000000000000000000  00000028
9201001          000001230000001823603700000000          000000000000000000000000000000          000000000000000000000000000000          000000000000000000000000000000                                                  000000000000000000000000000000                                                                                                                                                   000029
