02RETORNO01COBRANCA       01155000466581000000PLANNER CONTABILIDADE E AUDITO085COOPERATIVA DE 1308190000089                                          0115004                                                                                                                                                                                                                                              000001
70000000000000000011550004665810115004DOC5286                  0046658100000085910000001   00000000000000 0106120819DOC5286                       120819000000001100008501155011308190000100000000000000000000000000000000000000000000000000000000000000000000000000000000000000000000000000000000000000000000000000000001100000000000000000          000000000000000000000000000000000000000000000000  02000002
70000000000000000011550004665810115004DOC5203                  0046658100000077610000001   00000000000000 0106120819DOC5203                       100819000000011406075630341011308190000184000000000000000000000000000000000000000000000000000000000000000000000000000000000000000000000000000000000000000000000000000011406000000000000000          000000000000000000000000000000000000000000000000  02000003
70000000000000000011550004665810115004DOC5344                  0046658100000091710000001   00000000000000 0106120819DOC5344                       100819000000005000075673431011308190000184000000000000000000000000000000000000000000000000000000000000000000000000000000000000000000000000000000000000000000000000000005000000000000000000          000000000000000000000000000000000000000000000000  08000004
70000000000000000011550004665810115004DOC5349                  0046658100000092210000001   00000000000000 0106120819DOC5349                       100819000000010400075673431011308190000184000000000000000000000000000000000000000000000000000000000000000000000000000000000000000000000000000000000000000000000000000010400000000000000000          000000000000000000000000000000000000000000000000  08000005
70000000000000000011550004665810115004DOC5213                  0046658100000078610000001   00000000000000 0106120819DOC5213                       100819000000016478075630341011308190000184000000000000000000000000000000000000000000000000000000000000000000000000000000000000000000000000000000000000000000000000000016478000000000000000          000000000000000000000000000000000000000000000000  02000006
70000000000000000011550004665810115004DOC5292                  0046658100000086510000001   00000000000000 0106120819DOC5292                       100819000000002750075630341011308190000184000000000000000000000000000000000000000000000000000000000000000000000000000000000000000000000000000000000000000000000000000002750000000000000000          000000000000000000000000000000000000000000000000  02000007
70000000000000000011550004665810115004DOC5233                  0046658100000080610000001   00000000000000 0106120819DOC5233                       100819000000011109975630848011308190000184000000000000000000000000000000000000000000000000000000000000000000000000000000000000000000000000000000000000000000000000000011109900000000000000          000000000000000000000000000000000000000000000000  02000008
70000000000000000011550004665810115004DOC5316                  0046658100000088910000001   00000000000000 0106120819DOC5316                       120819000000011000075630848011308190000184000000000000000000000000000000000000000000000000000000000000000000000000000000000000000000000000000000000000000000000000000011000000000000000000          000000000000000000000000000000000000000000000000  02000009
70000000000000000011550004665810115004DOC5258                  0046658100000083110000001   00000000000000 0106120819DOC5258                       100819000000010609923769450011308190000184000000000000000000000000000000000000000000000000000000000000000000000000000000000000000000000000000000000000000000000000000010609900000000000000          000000000000000000000000000000000000000000000000  08000010
70000000000000000011550004665810115004DOC5259                  0046658100000083210000001   00000000000000 0106120819DOC5259                       120819000000010609923769450011308190000184000000000000000000000000000000000000000000000000000000000000000000000000000000000000000000000000000000000000000000000000000010609900000000000000          000000000000000000000000000000000000000000000000  08000011
70000000000000000011550004665810115004DOC5207                  0046658100000078010000001   00000000000000 0106120819DOC5207                       100819000000038274923703514011308190000184000000000000000000000000000000000000000000000000000000000000000000000000000000000000000000000000000000000000000000000000000038274900000000000000          000000000000000000000000000000000000000000000000  02000012
70000000000000000011550004665810115004DOC5231                  0046658100000080410000001   00000000000000 0106120819DOC5231                       120819000000021300023703670011308190000184000000000000000000000000000000000000000000000000000000000000000000000000000000000000000000000000000000000000000000000000000021300000000000000000          000000000000000000000000000000000000000000000000  02000013
70000000000000000011550004665810115004DOC5254                  0046658100000082710000001   00000000000000 0106120819DOC5254                       100819000000005057803312572011308190000184000000000000000000000000000000000000000000000000000000000000000000000000000000000000000000000000000000000000000000000000000005057800000000000000          000000000000000000000000000000000000000000000000  02000014
70000000000000000011550004665810115004DOC5320                  0046658100000089310000001   00000000000000 0106120819DOC5320                       100819000000015025500136331011308190000184000000000000000000000000000000000000000000000000000000000000000000000000000000000000000000000000000000000000000000000000000015025500000000000000          000000000000000000000000000000000000000000000000  02000015
70000000000000000011550004665810115004DOC5221                  0046658100000079410000001   00000000000000 0106120819DOC5221                       100819000000011109900124953011308190000184000000000000000000000000000000000000000000000000000000000000000000000000000000000000000000000000000000000000000000000000000011109900000000000000          000000000000000000000000000000000000000000000000  02000016
70000000000000000011550004665810115004DOC5253                  0046658100000082610000001   00000000000000 0106120819DOC5253                       100819000000010494000125453011308190000184000000000000000000000000000000000000000000000000000000000000000000000000000000000000000000000000000000000000000000000000000010494000000000000000          000000000000000000000000000000000000000000000000  02000017
70000000000000000011550004665810115004DOC5245                  0046658100000081810000001   00000000000000 0106120819DOC5245                       100819000000011000000125453011308190000184000000000000000000000000000000000000000000000000000000000000000000000000000000000000000000000000000000000000000000000000000011000000000000000000          000000000000000000000000000000000000000000000000  02000018
70000000000000000011550004665810115004DOC5210                  0046658100000078310000001   00000000000000 0106120819DOC5210                       100819000000001893810427758011308190000184000000000000000000000000000000000000000000000000000000000000000000000000000000000000000000000000000000000000000000000000000001893800000000000000          000000000000000000000000000000000000000000000000  07000019
70000000000000000011550004665810115004DOC5208                  0046658100000078110000001   00000000000000 0106120819DOC5208                       100819000000006312510427758011308190000184000000000000000000000000000000000000000000000000000000000000000000000000000000000000000000000000000000000000000000000000000006312500000000000000          000000000000000000000000000000000000000000000000  07000020
70000000000000000011550004665810115004DOC5235                  0046658100000080810000001   00000000000000 0106120819DOC5235                       100819000000002124310404235011308190000184000000000000000000000000000000000000000000000000000000000000000000000000000000000000000000000000000000000000000000000000000002124300000000000000          000000000000000000000000000000000000000000000000  02000021
70000000000000000011550004665810115004DOC5268                  0046658100000084110000001   00000000000000 0106120819DOC5268                       120819000000002299008501066011308190000100000000000000000000000000000000000000000000000000000000000000000000000000000000000000000000000000000000000000000000000000000002299000000000000000          000000000000000000000000000000000000000000000000  02000022
70000000000000000011550004665810115004DOC5291                  0046658100000086410000001   00000000000000 0106120819DOC5291                       120819000000005775008501015011308190000100000000000000000000000000000000000000000000000000000000000000000000000000000000000000000000000000000000000000000000000000000005775000000000000000          000000000000000000000000000000000000000000000000  02000023
70000000000000000011550004665810115004DOC5305                  0046658100000087810000001   00000000000000 0106120819DOC5305                       120819000000002750008501066011308190000100000000000000000000000000000000000000000000000000000000000000000000000000000000000000000000000000000000000000000000000000000002750000000000000000          000000000000000000000000000000000000000000000000  02000024
70000000000000000011550004665810115004DOC5212                  0046658100000078510000001   00000000000000 0106120819DOC5212                       100819000000016488223772699011308190000184000000000000000000000000000000000000000000000000000000000000000000000000000000000000000000000000000000000000000000000000000016488200000000000000          000000000000000000000000000000000000000000000000  02000025
9201001          000000920000000652137600000000          000000000000000000000000000000          000000000000000000000000000000          000000000000000000000000000000                                                  000000000000000000000000000000                                                                                                                                                   000026
