02RETORNO01COBRANCA       01155000490849000000PLANNER SOLUCOES EMPRESARIAIS 085COOPERATIVA DE 1506190000044                                          0115004                                                                                                                                                                                                                                              000001
70000000000000000011550004908490115004NFSE1775                 0049084900000007910000001   00000000000000 0106140619NFSE1775                      100519000000012000010404235011706190000184000000000000000000000000000000000000000000000000000000000000000000000000000000000000000450000000000000000000000000000000000012450000000000000000          000000000000000000000000000000000000000000000000  02000002
70000000000000000011550004908490115004DOC1063                  0049084900000013110000001   00000000000000 0106140619DOC1063                       140619000000018375300136331011706190000184000000000000000000000000000000000000000000000000000000000000000000000000000000000000000000000000000000000000000000000000000018375300000000000000          000000000000000000000000000000000000000000000000  05000003
70000000000000000011550004908490115004NFSE1809                 0049084900000012210000001   00000000000000 0106140619NFSE1809                      150619000000045000000134207011706190000184000000000000000000000000000000000000000000000000000000000000000000000000000000000000000000000000000000000000000000000000000045000000000000000000          000000000000000000000000000000000000000000000000  02000004
70000000000000000011550004908490115004DOC1063                  0049084900000013110000000   00000000000000 0114140619DOC1063                       140619000000018375308501155010000000000100000000000000000000000000000000000000000000000000000000000000000000000000000000000000000000000000000000000000000000000000000000000000000000000000          000000000000000000000000000000000000000000000000  00000005
9201001          000000180000000318212600000000          000000000000000000000000000000          000000000000000000000000000000          000000000000000000000000000000                                                  000000000000000000000000000000                                                                                                                                                   000006
