02RETORNO01COBRANCA       01155000490849000000PLANNER SOLUCOES EMPRESARIAIS 085COOPERATIVA DE 2308190000080                                          0115004                                                                                                                                                                                                                                              000001
70000000000000000011550004908490115004DOC1885                  0049084900000022110000001   00000000000000 0106220819DOC1885                       230819000000005534823703670012308190000184000000000000000000000000000000000000000000000000000000000000000000000000000000000000000000000000000000000000000000000000000005534800000000000000          000000000000000000000000000000000000000000000000  02000002
70000000000000000011550004908490115004DOC1873                  0049084900000020910000001   00000000000000 0106220819DOC1873                       130819000000021939800124953012308190000184000000000000000000000000000000000000000000000000000000000000000000000000000000000000000537400000000000000000000000000000000022477200000000000000          000000000000000000000000000000000000000000000000  02000003
9201001          000000120000000237950600000000          000000000000000000000000000000          000000000000000000000000000000          000000000000000000000000000000                                                  000000000000000000000000000000                                                                                                                                                   000004
