02RETORNO01COBRANCA       01155000490849000000PLANNER SOLUCOES EMPRESARIAIS 085COOPERATIVA DE 1107190000058                                          0115004                                                                                                                                                                                                                                              000001
70000000000000000011550004908490115004DOC1857                  0049084900000018110000001   00000000000000 0106100719DOC1857                       100719000000025000075673431011107190000184000000000000000000000000000000000000000000000000000000000000000000000000000000000000000000000000000000000000000000000000000025000000000000000000          000000000000000000000000000000000000000000000000  08000002
70000000000000000011550004908490115004DOC1831                  0049084900000015510000001   00000000000000 0106100719DOC1831                       100719000000012219734184832011107190000184000000000000000000000000000000000000000000000000000000000000000000000000000000000000000000000000000000000000000000000000000012219700000000000000          000000000000000000000000000000000000000000000000  09000003
70000000000000000011550004908490115004DOC1830                  0049084900000015410000001   00000000000000 0106100719DOC1830                       100719000000012785400124953011107190000184000000000000000000000000000000000000000000000000000000000000000000000000000000000000000000000000000000000000000000000000000012785400000000000000          000000000000000000000000000000000000000000000000  02000004
9201001          000000220000000412798200000000          000000000000000000000000000000          000000000000000000000000000000          000000000000000000000000000000                                                  000000000000000000000000000000                                                                                                                                                   000005
